3772 6120
123 370 156 423 ti
397 424 400 428 ,
420 368 451 420 B.
473 365 607 420 RABANI
628 366 742 420 usum
761 366 929 420 ARCHIEP.
949 365 1110 419 MOGUNT.
1132 366 1280 421 OPERUM
1299 368 1390 422 PARS
1409 368 1458 422 ΙΙΙ.
1724 372 1759 430 48

124 495 158 548 dc
173 494 285 548 mortali
305 492 457 563 propagine
475 490 602 544 sentiunt
616 490 766 555 meritum;
783 489 918 559 quidquid
924 493 950 549 A
960 490 1058 556 Deum,
1076 490 1187 560 sapiens
1201 491 1312 544 ridetur
1329 491 1490 546 mundanis.
1507 493 1561 547 Nos
1575 496 1697 560 infirmi,
1714 511 1759 550 aas

123 600 188 637 sero
202 583 232 637 iu
242 599 272 636 se
282 582 348 636 boui
360 579 511 650 inspiciunt
521 579 689 632 innnortalis
704 578 802 646 gratia
819 595 920 648 cogno-
959 584 1052 631 aretem
1065 580 1157 645 sardes.
1173 579 1279 632 Infirmi
1295 578 1367 646 ideo,
1384 580 1451 650 quia
1465 579 1526 634 sine
1541 580 1714 649 adulatione,
1731 591 1761 638 et

123 676 206 727 scunt
216 672 330 732 dorium,
353 669 433 740 eique
453 668 487 721 de
511 673 623 738 accepto
642 683 758 720 munere
779 667 919 720 debitores
960 682 1023 719 curn
1041 666 1162 720 stultitia
1181 667 1253 721 sicut
1269 667 1377 721 ridetur
1394 668 1553 729 mundanis,
1575 671 1761 740 praedicantes

124 763 204 826 frunt,
218 760 266 831 qui
274 764 302 812 et
312 756 504 828 praeveniendo
512 756 590 809 dedit
600 755 640 809 eis
651 755 753 809 bonum
764 755 834 809 velle
845 756 918 825 quod
961 755 1104 809 Christum
1118 756 1230 825 injuriis
1246 755 1475 825 subjiciebantur.
1490 759 1533 821 Vos
1547 764 1641 813 autem
1656 763 1759 828 sortes:

123 850 281 911 noluerant,
303 852 331 900 et
346 844 542 916 subsequendo
559 845 697 898 concessit
714 844 818 898 bonum
838 861 919 915 posse
960 843 1023 896 ideo
1034 843 1130 907 sortes,
1146 845 1212 914 (puin
1227 845 1267 898 sic
1281 844 1487 915 profitebantur
1503 846 1658 911 Christum,
1672 866 1708 903 ne
1723 849 1762 903 os·

123 929 676 1010 quodi-oluntUndebenepe'rioannem
689 933 920 987 dicitur:.tdora·
960 931 1107 987 terraer-ent
1124 933 1261 994 homines,
1287 939 1319 987 ut
1340 940 1434 987 essent
1454 935 1554 988 securi.
1579 937 1624 989 i'os
1646 939 1759 992 nobiles.

122 1031 222 1080 beraut
232 1028 366 1079 cicentem
376 1026 407 1077 in
418 1025 693 1087 saeuiaseoutorum,
703 1024 839 1075 mittentes
847 1038 919 1075 coro·
960 1019 1013 1083 Qui
1022 1021 1249 1075 enimeristum
1258 1022 1434 1082 nonfatetur,
1443 1023 1762 1096 quiaAbrahrepromis·

122 1131 173 1169 nas
187 1131 252 1168 suas
267 1117 332 1167 ania
346 1113 478 1165 tir-ranam
493 1112 607 1164 liorrriui
622 1108 715 1179 (Apoc.
733 1115 781 1179 rr).
795 1111 918 1164 Coronas
960 1126 1008 1163 sus
1022 1117 1074 1175 est,
1089 1117 1117 1165 et
1126 1110 1161 1164 ab
1169 1110 1250 1164 initio
1260 1110 1427 1181 praedicatus
1435 1118 1487 1175 est,
1494 1111 1540 1165 hic
1548 1111 1651 1167 nobilis
1661 1122 1762 1169 corsua

121 1219 244 1274 namque
254 1218 320 1257 suas
330 1206 395 1254 ante
405 1199 539 1253 thronum
551 1199 665 1252 Domini
675 1199 797 1263 mittere,
810 1204 853 1253 est
862 1215 920 1252 cer·
961 1198 1162 1261 Christumest,
1170 1199 1759 1271 quiaantiquitatempromissiChristialiis

121 1292 262 1347 taminum
272 1305 388 1345 suorum
399 1287 529 1342 uictorias
541 1304 597 1340 non
607 1287 660 1340 sibi
668 1287 801 1353 tribuere,
813 1288 861 1341 sed
872 1304 920 1342 au·
960 1287 1086 1357 deputat.
1103 1289 1156 1341 i'os
1170 1293 1263 1341 aretam
1277 1290 1417 1355 ipuabiies.
1435 1289 1569 1359 Ignobilis
1583 1291 1690 1345 mundo
1705 1300 1759 1353 est,

122 1381 202 1446 ctori,
213 1385 246 1436 ut
256 1379 381 1433 adillurn
398 1376 650 1443 reserantgloriam
669 1376 769 1441 laudis,
790 1392 877 1446 aquo
888 1392 917 1429 se
961 1376 1008 1446 qui
1020 1375 1173 1436 Christum,
1188 1377 1260 1446 quod
1272 1377 1394 1431 mundus
1404 1377 1534 1448 denegat,
1554 1378 1589 1432 ab
1606 1379 1762 1452 initiopro-

122 1470 215 1524 sciunt
233 1468 307 1521 vires
325 1465 464 1537 accepisse
494 1465 689 1519 certaminum.
709 1468 771 1519 Jam-
797 1468 919 1519 saturati
960 1468 1073 1518 litetur:
1087 1465 1145 1518 bruc
1161 1465 1249 1534 igitur
1267 1465 1363 1519 omnia
1379 1483 1465 1537 supra
1482 1467 1566 1542 dicta,
1578 1484 1640 1538 quae
1655 1486 1761 1540 negare

121 1556 503 1626 estisp'amdiriterfariiastis
511 1573 518 1615 ,·
526 1557 585 1607 sine
594 1555 669 1607 siurbis
679 1553 918 1623 rrpnatistdmb.)
961 1553 1080 1615 ridetur,
1092 1555 1248 1617 consumat,
1262 1561 1290 1607 et
1300 1571 1360 1625 quie
1372 1555 1452 1626 quasi
1470 1557 1637 1610 confirmare
1648 1557 1763 1613 ridetur

122 1646 217 1702 Ironia
236 1651 288 1709 est,
301 1642 480 1697 sicutdicunt
492 1643 655 1696 :irascentis
667 1643 917 1708 enimrerbasunt,
962 1649 1055 1712 negiu,
1072 1641 1218 1696 irascentis
1231 1643 1306 1696 enim
1319 1642 1403 1697 rerba
1413 1650 1480 1698 sunt
1492 1645 1539 1715 qui
1558 1647 1687 1716 negando
1698 1664 1764 1701 con·

124 1752 180 1790 non
190 1731 393 1791 confirmantis,
406 1731 433 1784 in
446 1730 546 1800 quibus
557 1731 633 1784 euim
648 1737 729 1784 tanta
738 1732 806 1785 titia
815 1731 918 1802 arguit,
962 1733 1058 1785 litetur
1073 1737 1101 1785 ot
1114 1733 1272 1785 confitendo
1287 1738 1381 1801 negat.
1395 1734 1479 1801 lupia
1493 1736 1524 1787 iu
1541 1735 1613 1788 banc
1627 1736 1727 1790 baram
1737 1741 1764 1790 et

124 1839 242 1894 regnare
252 1820 401 1884 illosdicit,
415 1820 455 1873 sic
465 1820 540 1873 enim
556 1819 693 1890 putabant
712 1820 865 1889 gloriantes
884 1821 918 1874 de
929 1804 1107 1885 Besuriuuis,
1124 1826 1147 1873 et
1163 1824 1282 1884 sitimus,
1300 1826 1324 1874 rt
1340 1823 1411 1874 nterii
1425 1838 1529 1887 sumus,
1549 1827 1574 1875 et
1589 1823 1760 1890 laboramus,

123 1913 167 1968 his
182 1928 243 1982 quse
257 1928 275 1964 a
287 1908 527 1981 pseudoapostolis
547 1908 745 1962 tradebantur:
763 1910 797 1963 Et
809 1913 920 1963 retinam
962 1914 1101 1977 operantes
1115 1911 1245 1962 manibus
1256 1912 1366 1962 uostris.
1376 1908 1475 1963 Libere
1490 1910 1565 1964 enim
1581 1916 1610 1963 et
1621 1912 1704 1981 Juxta
1718 1929 1763 1967 re-

123 2003 249 2070 repuetis,
267 2005 297 2053 ut
308 2004 333 2052 et
345 2014 392 2051 nos
402 1999 539 2052 vobiscum
550 2014 703 2065 repnemus.
715 1998 750 2051 Ut
765 1998 827 2067 pius
841 2003 922 2069 pater
962 2013 1022 2050 mm
1042 1996 1126 2050 tidem
1138 1997 1198 2050 sine
1214 1997 1308 2067 aliqua
1324 1998 1484 2052 adulatione
1502 1998 1645 2053 Christum
1661 2000 1762 2071 praedi·

124 2091 210 2145 etiarn
218 2087 337 2159 ingratis
347 2086 412 2139 siliis
422 2086 492 2139 bene
502 2092 590 2156 optat,
599 2086 646 2156 qui
655 2086 730 2139 enim
740 2087 800 2140 lieri
810 2091 921 2157 poterat
962 2091 1057 2140 cantes
1068 2091 1096 2139 et
1105 2091 1185 2156 gesta
1197 2103 1288 2156 pirata
1298 2086 1361 2140 ritae
1371 2094 1531 2157 arguentes,
1542 2088 1664 2157 „matiam
1685 2089 1759 2160 apud

117 2186 156 2235 ut
165 2179 225 2233 sine
235 2176 370 2248 apostolis
381 2175 551 2243 regnarent?
562 2174 702 2245 Quidquid
721 2175 796 2228 enim
814 2192 868 2229 tion
885 2175 920 2229 ab
961 2174 1090 2229 homines
1100 2191 1155 2228 non
1165 2174 1314 2239 habebant,
1322 2181 1351 2228 et
1360 2175 1614 2246 colaphizabantur,
1626 2176 1654 2230 id
1665 2183 1709 2232 est
1719 2178 1761 2232 in·

123 2266 258 2340 apostolis
271 2263 409 2318 traditum
423 2269 466 2316 est
475 2262 626 2316 sceleribus
634 2264 749 2333 plenum
760 2270 802 2317 est
814 2282 819 2315 :
830 2264 869 2318 sic
879 2269 920 2317 ta·
958 2264 1042 2335 juriis
1052 2263 1217 2334 agebantur.
1231 2271 1259 2317 et
1275 2263 1422 2318 instabiles
1439 2271 1529 2330 erant,
1541 2265 1608 2336 quia
1624 2264 1760 2336 fugaban-

124 2373 189 2412 men
199 2356 290 2409 suerat
310 2352 378 2406 ordo
388 2351 491 2418 dicere,
503 2359 536 2405 ut
551 2351 697 2405 nobiscum
721 2353 853 2420 regnetis,
870 2353 919 2406 sed
960 2359 1016 2417 tur,
1030 2353 1104 2406 nain
1122 2353 1182 2407 loco
1199 2352 1248 2406 diu
1263 2358 1410 2407 manentes
1428 2354 1522 2423 plures
1536 2353 1677 2408 docerent.
1692 2355 1758 2409 Ideo

123 2446 191 2518 quia
205 2443 388 2515 praemiserat,
405 2446 429 2493 et
450 2443 562 2494 utirram
582 2441 808 2508 repastinatum·
827 2441 919 2495 dicere
960 2448 989 2495 et
1006 2441 1135 2495 titanibus
1153 2441 1351 2512 operabantur,
1365 2441 1432 2512 quia
1451 2459 1508 2496 non
1527 2443 1616 2496 solum
1635 2443 1758 2513 gratiam

124 2531 291 2603 nonpotuit,
303 2529 358 2583 nisi
378 2535 410 2582 ut
427 2538 456 2581 et
471 2545 522 2581 nos
536 2528 680 2582 uobiscum
695 2546 854 2599 regnemus.
869 2532 920 2584 Re·
960 2531 1034 2601 apud
1055 2530 1183 2584 homines
1201 2547 1258 2584 non
1277 2530 1426 2591 habebant,
1440 2547 1535 2586 rerum
1554 2532 1639 2586 etiarn
1657 2531 1693 2586 ab
1715 2533 1759 2587 his

121 2638 209 2693 gnare
220 2626 315 2674 autem
334 2622 377 2670 est
393 2617 427 2669 dc
444 2633 493 2687 spe
516 2622 544 2669 et
561 2617 706 2687 promissis
725 2618 829 2671 Christi
843 2636 920 2673 secu·
960 2621 1086 2690 accipere
1098 2620 1245 2690 indignum
1256 2626 1326 2683 erat,
1340 2619 1388 2691 qui
1404 2620 1493 2674 errori
1511 2620 1671 2687 studebant,
1685 2622 1758 2676 sicut

123 2726 188 2766 rum
201 2724 272 2773 esse,
285 2713 314 2760 et
322 2705 445 2776 gaudere
454 2704 484 2757 in
495 2704 539 2757 his
551 2721 612 2774 qua
625 2705 742 2759 adversa
750 2712 920 2776 propterno-
960 2708 1027 2762 dicit
1037 2709 1065 2762 in
1081 2709 1204 2778 psalmo:
1217 2708 1309 2762 Oleum
1318 2714 1411 2762 autem
1423 2713 1572 2778 peccatoris
1583 2726 1638 2763 eron
1649 2714 1756 2780 impin-

123 2792 196 2854 men¹
204 2795 309 2852 Christi
330 2794 482 2847 accedunt:
501 2793 611 2846 lucrum
628 2793 704 2847 enim
718 2795 847 2855 atterunt,
864 2813 920 2852 non
960 2803 1022 2865 praet
1037 2802 1117 2865 cupm
1133 2814 1223 2850 ruaum
1239 2796 1407 2866 (Fratris),
1419 2798 1485 2868 quia
1501 2805 1529 2851 et
1539 2797 1699 2853 libertatem
1715 2815 1757 2853 ar·

123 2886 340 2950 detrimentum;
350 2882 426 2936 unde
441 2881 497 2935 alio
513 2882 572 2935 loco
588 2881 656 2935 dicit
667 2884 706 2950 ti!
712 2883 772 2940 Gar.
782 2890 840 2951 md:
852 2885 920 2939 t'furu
959 2886 1063 2954 guendi
1083 2885 1197 2945 amittit,
1210 2892 1238 2939 et
1249 2890 1353 2957 peccat,
1368 2886 1415 2956 qui
1427 2885 1461 2940 ab
1473 2903 1505 2940 eo
1516 2886 1617 2957 accipit
1635 2887 1683 2957 qui
1697 2905 1759 2958 pec-

122 2979 263 3045 infirmor,
281 2979 346 3026 taric
358 2976 451 3040 potens
466 2987 537 3024 sarri.
961 2980 1014 3040 cat,
1031 2975 1079 3045 <pri
1097 2974 1158 3027 ideo
1173 2975 1222 3028 dat
1231 2990 1266 3027 ne
1281 2975 1457 3046 corripiatur.
1474 2976 1703 3030 Maledicimurct
1718 2978 1758 3031 be·

158 3068 227 3119 Puto
238 3065 313 3117 euim
328 3063 398 3115 Deus
413 3076 461 3113 nos
480 3061 640 3113 notissimos
657 3063 788 3128 apostotos
804 3064 919 3117 ostendit
960 3065 1123 3117 rrcdiciruus.
1140 3063 1212 3117 Male
1225 3069 1379 3117 tractantes
1393 3063 1505 3118 enimse
1519 3063 1707 3119 hortabantur
1723 3066 1756 3120 ad

123 3155 205 3224 quasi
218 3155 305 3205 risorie
319 3151 475 3202 destinatos.
487 3149 545 3201 lloc
554 3148 749 3218 ideopersonoe
763 3166 818 3204 sure
834 3151 951 3222 depuc
962 3151 1074 3206 bonum.
1086 3154 1301 3206 Persecutionem
1312 3155 1477 3221 potionari
1491 3155 1667 3207 sustinemus.
1687 3154 1760 3218 Quia

123 3249 174 3309 tat,
188 3241 254 3312 quia
263 3254 375 3309 semper
384 3237 414 3291 in
424 3236 590 3290 necessitate
599 3236 661 3301 biit,
673 3239 881 3308 persecutiones
891 3247 920 3296 et
960 3240 1193 3313 persequentibus
1207 3257 1237 3294 se
1246 3240 1725 3309 nonresistebant.blasphemamur
1735 3249 1759 3297 et

123 3345 269 3403 pressuras
283 3328 359 3381 ultra
375 3334 489 3379 catinos
507 3342 615 3396 passus
636 3325 708 3379 sicut
723 3329 833 3396 passuri
853 3337 919 3385 sunt
960 3332 1140 3385 obsecramus.
1156 3330 1388 3400 Blasphemantes
1404 3330 1480 3383 euim
1494 3328 1632 3398 rogabant
1646 3336 1679 3384 ut
1693 3348 1758 3401 per-

123 3420 219 3475 Enoch
230 3423 259 3472 et
268 3417 342 3471 Elias
354 3415 402 3485 qui
411 3414 511 3468 ultimo
527 3421 653 3484 tempore
669 3414 756 3468 futuri
773 3422 839 3471 suut
853 3435 918 3488 apo·
959 3420 1105 3473 mitterent
1113 3418 1192 3472 reddi
1201 3418 1252 3472 sibi
1263 3418 1410 3472 rationem.
1423 3419 1562 3486 Tanquam
1570 3425 1758 3487 purpamcntu

53 3541 65 3555 ·
122 3508 201 3575 stoli3
225 3505 301 3561 mitti
320 3503 396 3558 enim
413 3502 517 3557 habent
535 3510 601 3557 ante
623 3503 776 3565 Christum,
796 3506 831 3558 ad
850 3524 919 3577 prae-
959 3509 1043 3576 bap‘us
1057 3509 1159 3561 muudi
1172 3509 1240 3574 faeti
1254 3523 1350 3560 storius
1364 3508 1491 3559 ornuium
1503 3508 1657 3574 peripsema
1673 3523 1758 3576 resque

123 3596 280 3670 parandum
291 3593 426 3666 populum
436 3592 486 3646 Dei
501 3598 529 3645 ei
538 3592 706 3645 muniendas
719 3609 816 3647 omncs
828 3595 919 3650 Eccle·
958 3598 1058 3649 adbuc.
1075 3596 1137 3649 Non
1152 3595 1308 3649 resistendo
1326 3595 1386 3654 ulli,
1402 3611 1493 3664 neque
1514 3594 1603 3647 vicem
1624 3594 1654 3648 in
1674 3596 1758 3650 ritulis

122 3687 179 3743 sias
188 3685 224 3739 ad
235 3683 423 3738 resistendum
435 3680 617 3747 antichriste,
630 3697 699 3751 quos
709 3688 738 3735 et
750 3684 918 3752 persecutio-
959 3684 1110 3749 reddendo,
1123 3685 1172 3738 sed
1182 3700 1293 3754 senrper
1302 3700 1331 3736 se
1341 3683 1523 3753 subjiciendo,
1535 3689 1567 3737 ut
1582 3700 1632 3754 per
1649 3685 1758 3754 patien-

121 3793 172 3831 nes
187 3773 245 3846 pati
255 3779 283 3827 et
292 3771 379 3826 occidi
389 3769 471 3824 lectio
482 3769 664 3841 Apocalypsis
671 3775 800 3825 testatur.
810 3773 917 3826 llorum
958 3774 1028 3827 tiam
1039 3778 1201 3844 provocaret
1212 3773 1246 3825 ad
1257 3771 1372 3837 bonum,
1385 3771 1602 3842 contemptibilis
1620 3776 1649 3825 et
1659 3773 1758 3845 despe-

122 3881 188 3934 ergo
200 3868 313 3933 tempus
324 3876 375 3913 suo
391 3858 513 3930 tempori
527 3859 699 3929 cornparavit
712 3861 862 3931 Apostolus
878 3862 918 3915 di·
959 3869 1019 3916 ctus
1034 3860 1134 3924 tiebat;
1152 3878 1235 3930 usquc
1250 3864 1336 3927 modo,
1353 3861 1382 3914 id
1403 3866 1446 3914 est
1462 3877 1550 3930 usque
1569 3877 1652 3922 nunc,
1669 3862 1755 3916 etiam

120 3969 195 4018 cene,
208 3942 292 4020 euasi
309 3951 394 4002 retorti
408 3950 555 4001 destinatas
572 3966 580 4000 :
596 3947 630 3999 ad
646 3947 698 4001 hoc
713 3949 788 4002 enim
806 3950 917 4004 venturi
958 3952 1032 4022 apud
1043 3950 1212 4015 Corinthios,
1225 3968 1275 4021 pro
1287 3949 1387 4021 quibus
1398 3950 1456 4004 haec
1467 3967 1528 4020 quae
1546 3967 1631 4020 supra
1649 3967 1755 4005 memo·

120 4045 187 4104 suut
204 4044 237 4092 ut
246 4037 417 4091 occidantur.
959 4044 1003 4093 rat
1013 4040 1088 4093 mala
1106 4056 1204 4110 passus
1214 4043 1265 4099 est,
1288 4044 1315 4091 et
1326 4038 1459 4109 quoniam
1470 4037 1659 4092 bumilitatem
1674 4055 1754 4093 suam

156 4129 228 4196 Quia
242 4127 427 4194 spectaculum
441 4125 510 4191 facti
523 4138 619 4177 sicarius
634 4125 853 4191 buiamundum
867 4142 917 4181 an·
958 4128 1029 4181 nihil
1044 4129 1178 4198 proficere
1194 4128 1223 4180 in
1240 4127 1284 4180 his
1300 4125 1421 4191 ridebat,
1435 4127 1563 4197 queritur
1574 4127 1670 4180 dolore
1681 4143 1756 4181 com-

118 4221 194 4288 petis,
203 4221 228 4271 et
238 4213 407 4269 botrionibus.
417 4211 579 4275 Quiaerunt
590 4212 778 4281 spectaculum
787 4221 815 4267 et
822 4215 916 4269 Enoch
957 4221 1050 4269 motus
1067 4219 1177 4269 tantam
1187 4214 1389 4286 subjectionem
1407 4220 1436 4269 et
1450 4214 1569 4285 injurias
1580 4215 1689 4269 nullum
1699 4214 1756 4269 fru-

120 4316 148 4363 et
159 4307 243 4373 Elios,
254 4319 344 4375 usque
354 4301 423 4356 adeo
434 4306 466 4355 ut
475 4316 592 4371 corpora
602 4302 699 4353 eorum
710 4301 739 4354 in
750 4303 843 4372 platea
854 4322 916 4373 pro·
957 4310 1033 4358 ctum
1043 4302 1148 4357 habere
1158 4304 1291 4375 potuisse,
1303 4303 1362 4372 sed,
1375 4304 1448 4375 quod
1463 4304 1587 4358 deterius
1599 4308 1651 4365 est,
1664 4303 1694 4357 in
1709 4320 1756 4375 pe-

117 4398 262 4468 jicianiur,
276 4395 305 4448 in
317 4389 562 4463 conspectutotius
572 4389 667 4460 populi
677 4389 816 4444 infidelis:
838 4392 918 4448 itaet
955 4395 1001 4465 jus
1016 4392 1174 4464 profecisse.
1192 4394 1253 4447 Nau
1273 4399 1305 4446 at
1320 4394 1488 4460 mutiendum
1502 4409 1547 4446 tros
1566 4394 1621 4446 bec
1640 4393 1730 4446 scribo
1746 4411 1753 4446 :

120 4486 239 4558 apostoli
250 4482 439 4555 spectaculum
455 4479 521 4534 facti
539 4485 614 4545 sunt,
634 4478 700 4548 quia
718 4479 826 4550 publice
844 4482 1009 4554 ride-Dhoc
1019 4487 1069 4547 est,
1082 4498 1137 4535 non
1151 4489 1183 4535 ut
1200 4480 1331 4535 ruborem
1347 4481 1425 4535 robis
1445 4481 1556 4545 inciam,
1578 4481 1637 4534 brec
1651 4480 1752 4536 scriba.

118 4576 223 4629 bantur
238 4572 322 4642 positi
339 4571 373 4625 ad
391 4569 525 4639 injuriam
543 4575 572 4622 et
590 4574 710 4622 mortem
736 4585 821 4638 quam
839 4573 914 4641 passi
956 4571 1004 4626 sed
1019 4579 1051 4625 ut
1066 4570 1221 4641 corrigatis.
1231 4572 1283 4625 Sed
1296 4576 1327 4623 ut
1341 4573 1412 4638 filios
1429 4587 1498 4625 tricos
1508 4571 1685 4624 charissimas
1699 4586 1754 4623 ruo

119 4669 200 4730 sunt,
217 4659 455 4714 mundumuutem
465 4659 579 4729 angelos
589 4657 915 4731 ethoniinestlixit.rpria
956 4678 1014 4714 uteo.
1024 4660 1123 4713 Adhuc
1134 4676 1163 4713 se
1178 4658 1332 4730 supplicem
1345 4659 1420 4727 iacit,
1433 4676 1468 4713 ne
1484 4658 1614 4729 correpti,
1631 4658 1667 4711 ad
1682 4657 1754 4711 iram

120 4758 148 4808 et
162 4748 256 4819 angeli
267 4746 334 4801 mali
347 4752 422 4805 sunt,
432 4747 545 4801 'dicente
560 4747 685 4801 Daridin
695 4747 802 4818 psalmo
816 4766 821 4801 :
837 4751 915 4804 Vera·
956 4748 1096 4820 prouocati
1117 4748 1323 4803 admonitiones
1343 4750 1404 4818 ejus
1413 4752 1588 4818 spernerent,
1609 4746 1637 4800 id
1654 4746 1714 4817 agit
1723 4753 1755 4800 ut

120 4845 165 4895 bat
178 4842 240 4894 iiior
252 4852 302 4906 per
316 4839 425 4903 appetas
435 4839 521 4889 aratos
530 4839 741 4903 (Psatrxxrnu
752 4844 780 4891 et
787 4837 915 4894 homines
955 4838 1081 4892 medicus
1099 4837 1240 4897 salutaris,
1262 4837 1310 4907 qui
1325 4837 1473 4908 putamina
1491 4835 1689 4907 [putredinem]
1708 4834 1755 4888 ab·

90 4967 94 4975 -
119 4924 915 4995 aiauincreduli,hisapostoloruminjuriaaureamento
956 4927 1085 4981 scindens
1095 4927 1221 4980 dolorem
1237 4926 1348 4981 illatum
1363 4943 1412 4997 spe
1429 4933 1457 4979 et
1471 4924 1615 4978 blanditiis
1630 4923 1752 4993 mitigat,

119 5024 196 5074 sunt.
210 5014 332 5072 Mundus
341 5019 436 5067 autem
445 5011 548 5066 idcirco
559 5013 711 5068 infidelitas
722 5014 834 5077 dicitur,
849 5017 915 5087 quia
956 5022 988 5070 ut
997 5033 1109 5086 argersc
1119 5015 1211 5069 curari
1221 5016 1376 5086 permittat.

118 5102 439 5176 risibiliasequituraios
452 5103 914 5170 stultipropter&sustentaturum
992 5106 1064 5159 liam
1078 5108 1104 5159 si
1118 5107 1205 5159 decem
1222 5107 1313 5159 uritiia
1325 5105 1537 5172 pradapaparum
1552 5103 1707 5156 habueritis
1723 5105 1761 5153 iu

120 5203 171 5263 cst,
187 5194 254 5267 quia
267 5197 395 5247 amantes
409 5189 554 5246 Christum
567 5191 645 5245 stulti
660 5200 726 5246 sunt
740 5193 854 5247 mundo.
871 5196 915 5248 t'as
956 5194 1072 5259 Christo,
1096 5196 1142 5247 sed
1166 5210 1221 5247 itan
1241 5196 1342 5246 maritos
1359 5198 1475 5261 patres:
1497 5207 1548 5261 per
1571 5191 1754 5259 Eranpciium
1773 5241 1779 5250 ,

118 5291 212 5343 autam
223 5284 371 5353 prudentes
385 5283 417 5336 ia
427 5280 543 5336 Christo.
560 5279 614 5343 Qui
629 5280 752 5349 prudens
766 5282 795 5336 in
804 5283 914 5338 Christo
955 5285 1030 5336 enim
1043 5299 1089 5351 epo
1104 5299 1148 5337 ros
1156 5284 1251 5351 penui.
1261 5281 1311 5335 His
1325 5281 1407 5337 dictis
1417 5281 1540 5335 ostendit
1549 5279 1658 5334 nullum
1672 5294 1755 5350 posse

117 5374 261 5447 judicatur
278 5388 296 5426 a
312 5369 437 5442 perfidis,
459 5385 516 5423 non
540 5374 614 5422 recte
637 5368 739 5423 asserit
759 5371 912 5426 Christum.
956 5388 988 5425 eo
999 5372 1099 5426 ellectu
1113 5371 1229 5443 diligere
1244 5370 1316 5437 illos,
1328 5387 1383 5442 quo
1393 5370 1453 5442 ipse
1468 5387 1515 5424 eos
1529 5365 1673 5438 diligebat.
1685 5367 1755 5431 Quis

119 5460 247 5535 Denique
253 5459 387 5521 Marcion,
395 5457 462 5528 quia
468 5461 554 5527 negat
560 5455 662 5511 Filium
670 5456 730 5523 Dei,
738 5465 767 5513 et
775 5460 916 5515 incarnari
957 5460 1032 5514 enim
1043 5460 1150 5514 alienos
1162 5460 1235 5514 tilios
1244 5458 1302 5513 suis
1317 5465 1462 5531 praeponat
1476 5459 1506 5512 in
1523 5456 1638 5512 amore?
1655 5472 1688 5511 aa
1703 5471 1755 5527 per

120 5553 212 5610 Deum
229 5549 364 5622 potuisse,
376 5546 499 5617 prudens
520 5551 563 5601 est
582 5545 704 5613 mundo;
720 5553 748 5601 et
767 5548 913 5617 Photinus,
956 5549 1009 5604 hoc
1026 5549 1135 5603 monita
1143 5549 1204 5619 ejus
1214 5548 1261 5619 qui
1276 5554 1304 5602 et
1313 5565 1364 5620 pro
1373 5548 1418 5603 his
1426 5552 1508 5603 muta
1515 5546 1589 5601 mala
1599 5561 1699 5618 passus
1710 5550 1754 5599 est

121 5640 191 5717 quie
201 5656 259 5697 non
273 5638 380 5695 fatetur
396 5634 540 5693 Christum
557 5634 654 5707 perid
674 5635 748 5707 quod
767 5642 852 5693 natus
872 5645 915 5695 est
955 5655 1013 5696 non
1026 5636 1129 5694 debere
1142 5637 1459 5710 eosspemere.0bsccra
1469 5652 1522 5704 cos,
1533 5637 1687 5692 imitatores
1697 5636 1753 5691 urei
