<?xml version="1.0" encoding="UTF-8"?>
<!DOCTYPE html PUBLIC "-//W3C//DTD XHTML 1.0 Transitional//EN"
    "http://www.w3.org/TR/xhtml1/DTD/xhtml1-transitional.dtd">
<html xmlns="http://www.w3.org/1999/xhtml" xml:lang="en" lang="en">
 <head>
  <title>
</title>
<meta http-equiv="Content-Type" content="text/html;charset=utf-8" />
  <meta name='ocr-system' content='tesseract 3.04.00' />
  <meta name='ocr-capabilities' content='ocr_page ocr_carea ocr_par ocr_line ocrx_word'/>
</head>
<body>
  <div class='ocr_page' id='page_1' title='image "./patrologiaecurs22goog/patrologiaecurs22goog_0714.png"; bbox 0 0 3772 6120; ppageno 0'>
   <div class='ocr_carea' id='block_1_1' title="bbox 121 239 1753 306">
    <p class='ocr_par' dir='ltr' id='par_1_1' title="bbox 121 239 1753 306">
     <span class='ocr_line' id='line_1_1' title="bbox 121 239 1753 306; baseline -0.005 0"><span class='ocrx_word' id='word_1_1' title='bbox 121 249 194 306; x_wconf 70' lang='lat'><strong>1415</strong></span> <span class='ocrx_word' id='word_1_2' title='bbox 428 246 461 300; x_wconf 88' lang='grc' dir='ltr'><strong>Β.</strong></span> <span class='ocrx_word' id='word_1_3' title='bbox 481 242 617 300; x_wconf 80' lang='lat' dir='ltr'><strong>RABANI</strong></span> <span class='ocrx_word' id='word_1_4' title='bbox 637 244 753 300; x_wconf 80' lang='lat' dir='ltr'><strong>MAURI</strong></span> <span class='ocrx_word' id='word_1_5' title='bbox 780 242 947 298; x_wconf 81' lang='lat' dir='ltr'><strong>ARCHIEP.</strong></span> <span class='ocrx_word' id='word_1_6' title='bbox 968 243 1130 299; x_wconf 75' lang='lat' dir='ltr'><strong>MOGUN&#39;I&#39;.</strong></span> <span class='ocrx_word' id='word_1_7' title='bbox 1152 243 1300 300; x_wconf 80' lang='lat' dir='ltr'><strong>OPERUM</strong></span> <span class='ocrx_word' id='word_1_8' title='bbox 1318 245 1413 302; x_wconf 79' lang='lat' dir='ltr'>PARS</span> <span class='ocrx_word' id='word_1_9' title='bbox 1430 245 1482 302; x_wconf 88' lang='lat'>111.</span> <span class='ocrx_word' id='word_1_10' title='bbox 1691 239 1753 300; x_wconf 76' lang='lat' dir='ltr'><strong>int</strong></span> 
     </span>
    </p>
   </div>
   <div class='ocr_carea' id='block_1_2' title="bbox 117 365 1757 974">
    <p class='ocr_par' dir='ltr' id='par_1_2' title="bbox 117 365 1757 974">
     <span class='ocr_line' id='line_1_2' title="bbox 117 365 1754 441; baseline -0.002 -15"><span class='ocrx_word' id='word_1_11' title='bbox 117 370 387 441; x_wconf 81' lang='lat' dir='ltr'><strong>rationemortisque</strong></span> <span class='ocrx_word' id='word_1_12' title='bbox 400 368 550 434; x_wconf 82' lang='lat' dir='ltr'><strong>sententIa,</strong></span> <span class='ocrx_word' id='word_1_13' title='bbox 566 368 702 439; x_wconf 89' lang='lat' dir='ltr'><strong>religione</strong></span> <span class='ocrx_word' id='word_1_14' title='bbox 711 368 824 439; x_wconf 89' lang='lat' dir='ltr'><strong>penitus</strong></span> <span class='ocrx_word' id='word_1_15' title='bbox 838 365 949 427; x_wconf 79' lang='lat' dir='ltr'><strong>abso-A</strong></span> <span class='ocrx_word' id='word_1_16' title='bbox 960 383 1013 421; x_wconf 91' lang='lat' dir='ltr'><strong>nus</strong></span> <span class='ocrx_word' id='word_1_17' title='bbox 1021 383 1085 421; x_wconf 90' lang='lat' dir='ltr'><strong>eum</strong></span> <span class='ocrx_word' id='word_1_18' title='bbox 1096 367 1145 438; x_wconf 90' lang='lat' dir='ltr'><strong>qui</strong></span> <span class='ocrx_word' id='word_1_19' title='bbox 1153 369 1337 440; x_wconf 81' lang='lat' dir='ltr'><strong>assumpserit</strong></span> <span class='ocrx_word' id='word_1_20' title='bbox 1348 386 1453 424; x_wconf 90' lang='lat' dir='ltr'><strong>nomen</strong></span> <span class='ocrx_word' id='word_1_21' title='bbox 1460 368 1576 425; x_wconf 84' lang='lat' dir='ltr'><strong>Domini</strong></span> <span class='ocrx_word' id='word_1_22' title='bbox 1587 367 1641 423; x_wconf 90' lang='lat' dir='ltr'><strong>Dei</strong></span> <span class='ocrx_word' id='word_1_23' title='bbox 1651 366 1694 422; x_wconf 88' lang='lat' dir='ltr'><strong>sui</strong></span> <span class='ocrx_word' id='word_1_24' title='bbox 1702 367 1754 422; x_wconf 91' lang='lat' dir='ltr'><strong>fru-</strong></span> 
     </span>
     <span class='ocr_line' id='line_1_3' title="bbox 117 455 1755 530; baseline -0.002 -15"><span class='ocrx_word' id='word_1_25' title='bbox 117 462 186 515; x_wconf 83' lang='lat' dir='ltr'><strong>luta.</strong></span> <span class='ocrx_word' id='word_1_26' title='bbox 204 461 257 515; x_wconf 89' lang='lat' dir='ltr'><strong>Sed</strong></span> <span class='ocrx_word' id='word_1_27' title='bbox 280 477 314 513; x_wconf 91' lang='lat' dir='ltr'><strong>ne</strong></span> <span class='ocrx_word' id='word_1_28' title='bbox 340 474 490 530; x_wconf 82' lang='lat' dir='ltr'><strong>pravarum</strong></span> <span class='ocrx_word' id='word_1_29' title='bbox 506 457 645 511; x_wconf 80' lang='lat' dir='ltr'><strong>mentium</strong></span> <span class='ocrx_word' id='word_1_30' title='bbox 666 461 779 511; x_wconf 80' lang='lat' dir='ltr'><strong>versuta</strong></span> <span class='ocrx_word' id='word_1_31' title='bbox 793 455 918 526; x_wconf 83' lang='lat' dir='ltr'><strong>nequitia</strong></span> <span class='ocrx_word' id='word_1_32' title='bbox 958 463 1020 510; x_wconf 90' lang='lat' dir='ltr'><strong>stra</strong></span> <span class='ocrx_word' id='word_1_33' title='bbox 1035 457 1130 516; x_wconf 75' lang='lat' dir='ltr'><strong>tarso.</strong></span> <span class='ocrx_word' id='word_1_34' title='bbox 1147 466 1205 523; x_wconf 76' lang='lat' dir='ltr'><strong>xxt.</strong></span> <span class='ocrx_word' id='word_1_35' title='bbox 1228 458 1291 512; x_wconf 76' lang='lat' dir='ltr'><strong>»Et</strong></span> <span class='ocrx_word' id='word_1_36' title='bbox 1320 459 1347 512; x_wconf 88' lang='lat' dir='ltr'><strong>in</strong></span> <span class='ocrx_word' id='word_1_37' title='bbox 1373 459 1520 513; x_wconf 70' lang='lat' dir='ltr'><strong>levitico:</strong></span> <span class='ocrx_word' id='word_1_38' title='bbox 1542 477 1554 507; x_wconf 77' lang='lat' dir='ltr'><strong>r</strong></span> <span class='ocrx_word' id='word_1_39' title='bbox 1578 458 1644 512; x_wconf 85' lang='lat' dir='ltr'><strong>Non</strong></span> <span class='ocrx_word' id='word_1_40' title='bbox 1667 458 1755 528; x_wconf 73' lang='lat' dir='ltr'><strong>periu-</strong></span> 
     </span>
     <span class='ocr_line' id='line_1_4' title="bbox 117 544 1757 619; baseline -0.003 -15"><span class='ocrx_word' id='word_1_41' title='bbox 117 549 268 605; x_wconf 88' lang='lat' dir='ltr'><strong>nosmetad</strong></span> <span class='ocrx_word' id='word_1_42' title='bbox 275 548 390 619; x_wconf 84' lang='lat' dir='ltr'><strong>perjurii</strong></span> <span class='ocrx_word' id='word_1_43' title='bbox 398 547 548 617; x_wconf 89' lang='lat' dir='ltr'><strong>aliquando</strong></span> <span class='ocrx_word' id='word_1_44' title='bbox 556 545 918 616; x_wconf 83' lang='lat' dir='ltr'><strong>provocetculpam,ncrea</strong></span> <span class='ocrx_word' id='word_1_45' title='bbox 958 544 1033 598; x_wconf 87' lang='lat' dir='ltr'><strong>rabis</strong></span> <span class='ocrx_word' id='word_1_46' title='bbox 1049 545 1078 598; x_wconf 93' lang='lat' dir='ltr'><strong>in</strong></span> <span class='ocrx_word' id='word_1_47' title='bbox 1094 545 1208 599; x_wconf 89' lang='lat' dir='ltr'><strong>nominc</strong></span> <span class='ocrx_word' id='word_1_48' title='bbox 1225 562 1297 612; x_wconf 90' lang='lat' dir='ltr'><strong>meo,</strong></span> <span class='ocrx_word' id='word_1_49' title='bbox 1315 563 1367 601; x_wconf 90' lang='lat' dir='ltr'><strong>nec</strong></span> <span class='ocrx_word' id='word_1_50' title='bbox 1394 548 1505 618; x_wconf 80' lang='lat' dir='ltr'><strong>pollues</strong></span> <span class='ocrx_word' id='word_1_51' title='bbox 1530 563 1636 601; x_wconf 89' lang='lat' dir='ltr'><strong>nomen</strong></span> <span class='ocrx_word' id='word_1_52' title='bbox 1651 546 1757 600; x_wconf 85' lang='lat' dir='ltr'><strong>Domini</strong></span> 
     </span>
     <span class='ocr_line' id='line_1_5' title="bbox 117 633 1756 707; baseline -0.003 -13"><span class='ocrx_word' id='word_1_53' title='bbox 117 637 404 707; x_wconf 70' lang='lat' dir='ltr'><strong>sanctrefrdeiregula</strong></span> <span class='ocrx_word' id='word_1_54' title='bbox 420 637 491 690; x_wconf 90' lang='lat' dir='ltr'><strong>banc</strong></span> <span class='ocrx_word' id='word_1_55' title='bbox 504 641 613 689; x_wconf 89' lang='lat' dir='ltr'><strong>asserat</strong></span> <span class='ocrx_word' id='word_1_56' title='bbox 626 635 721 689; x_wconf 89' lang='lat' dir='ltr'><strong>renire</strong></span> <span class='ocrx_word' id='word_1_57' title='bbox 736 633 915 695; x_wconf 82' lang='lat' dir='ltr'><strong>sententiam,</strong></span> <span class='ocrx_word' id='word_1_58' title='bbox 958 634 1008 688; x_wconf 87' lang='lat' dir='ltr'><strong>Dei</strong></span> <span class='ocrx_word' id='word_1_59' title='bbox 1029 634 1089 688; x_wconf 91' lang='lat' dir='ltr'><strong>tui:</strong></span> <span class='ocrx_word' id='word_1_60' title='bbox 1116 651 1168 704; x_wconf 86' lang='lat' dir='ltr'><strong>ego</strong></span> <span class='ocrx_word' id='word_1_61' title='bbox 1184 635 1320 690; x_wconf 87' lang='lat' dir='ltr'><strong>Dominus</strong></span> <span class='ocrx_word' id='word_1_62' title='bbox 1348 637 1420 697; x_wconf 80' lang='lat' dir='ltr'><strong>(ior.</strong></span> <span class='ocrx_word' id='word_1_63' title='bbox 1440 635 1543 707; x_wconf 58' lang='lat' dir='ltr'><strong>matr</strong></span> <span class='ocrx_word' id='word_1_64' title='bbox 1572 636 1682 689; x_wconf 86' lang='lat' dir='ltr'><strong>Tamen</strong></span> <span class='ocrx_word' id='word_1_65' title='bbox 1701 652 1756 689; x_wconf 90' lang='lat' dir='ltr'><strong>ma·</strong></span> 
     </span>
     <span class='ocr_line' id='line_1_6' title="bbox 117 722 1756 795; baseline -0.003 -13"><span class='ocrx_word' id='word_1_66' title='bbox 117 734 175 782; x_wconf 83' lang='lat' dir='ltr'><strong>tam</strong></span> <span class='ocrx_word' id='word_1_67' title='bbox 192 728 291 781; x_wconf 70' lang='lat' dir='ltr'><strong>(lisinae</strong></span> <span class='ocrx_word' id='word_1_68' title='bbox 305 725 483 779; x_wconf 73' lang='lat' dir='ltr'><strong>auctoritatis</strong></span> <span class='ocrx_word' id='word_1_69' title='bbox 511 725 634 784; x_wconf 79' lang='lat' dir='ltr'><strong>oracula,</strong></span> <span class='ocrx_word' id='word_1_70' title='bbox 659 740 744 795; x_wconf 91' lang='lat' dir='ltr'><strong>quam</strong></span> <span class='ocrx_word' id='word_1_71' title='bbox 759 722 918 794; x_wconf 84' lang='lat' dir='ltr'><strong>praecedcn-</strong></span> <span class='ocrx_word' id='word_1_72' title='bbox 957 723 1017 777; x_wconf 90' lang='lat' dir='ltr'><strong>lum</strong></span> <span class='ocrx_word' id='word_1_73' title='bbox 1032 723 1106 793; x_wconf 91' lang='lat' dir='ltr'><strong>quod</strong></span> <span class='ocrx_word' id='word_1_74' title='bbox 1126 723 1266 778; x_wconf 87' lang='lat' dir='ltr'><strong>facturum</strong></span> <span class='ocrx_word' id='word_1_75' title='bbox 1287 741 1317 778; x_wconf 89' lang='lat' dir='ltr'><strong>sc</strong></span> <span class='ocrx_word' id='word_1_76' title='bbox 1331 731 1510 779; x_wconf 86' lang='lat' dir='ltr'><strong>sacramente</strong></span> <span class='ocrx_word' id='word_1_77' title='bbox 1523 725 1683 785; x_wconf 73' lang='lat' dir='ltr'><strong>devoverat,</strong></span> <span class='ocrx_word' id='word_1_78' title='bbox 1702 740 1756 777; x_wconf 91' lang='lat' dir='ltr'><strong>om·</strong></span> 
     </span>
     <span class='ocr_line' id='line_1_7' title="bbox 118 811 1757 883; baseline -0.002 -14"><span class='ocrx_word' id='word_1_79' title='bbox 118 816 189 870; x_wconf 90' lang='lat' dir='ltr'><strong>tium</strong></span> <span class='ocrx_word' id='word_1_80' title='bbox 206 815 395 869; x_wconf 87' lang='lat' dir='ltr'><strong>Patrumhuic</strong></span> <span class='ocrx_word' id='word_1_81' title='bbox 405 813 560 867; x_wconf 87' lang='lat' dir='ltr'><strong>narrationi</strong></span> <span class='ocrx_word' id='word_1_82' title='bbox 573 811 916 867; x_wconf 62' lang='lat' dir='ltr'><strong>‹tumr-tmusinnectends.</strong></span> <span class='ocrx_word' id='word_1_83' title='bbox 959 812 1025 866; x_wconf 89' lang='lat' dir='ltr'><strong>nino</strong></span> <span class='ocrx_word' id='word_1_84' title='bbox 1047 829 1104 866; x_wconf 87' lang='lat' dir='ltr'><strong>non</strong></span> <span class='ocrx_word' id='word_1_85' title='bbox 1130 811 1223 877; x_wconf 85' lang='lat' dir='ltr'><strong>faciat,</strong></span> <span class='ocrx_word' id='word_1_86' title='bbox 1249 813 1382 883; x_wconf 86' lang='lat' dir='ltr'><strong>quoniam</strong></span> <span class='ocrx_word' id='word_1_87' title='bbox 1411 814 1500 868; x_wconf 88' lang='lat' dir='ltr'><strong>stulta</strong></span> <span class='ocrx_word' id='word_1_88' title='bbox 1520 818 1587 868; x_wconf 79' lang='lat' dir='ltr'><strong>rota</strong></span> <span class='ocrx_word' id='word_1_89' title='bbox 1610 812 1757 883; x_wconf 84' lang='lat' dir='ltr'><strong>frangenda</strong></span> 
     </span>
     <span class='ocr_line' id='line_1_8' title="bbox 119 899 1034 974; baseline -0.007 -15"><span class='ocrx_word' id='word_1_90' title='bbox 119 905 165 963; x_wconf 86' lang='lat' dir='ltr'><strong>Sic</strong></span> <span class='ocrx_word' id='word_1_91' title='bbox 175 904 250 958; x_wconf 89' lang='lat' dir='ltr'><strong>enim</strong></span> <span class='ocrx_word' id='word_1_92' title='bbox 266 920 315 974; x_wconf 85' lang='lat' dir='ltr'><strong>per</strong></span> <span class='ocrx_word' id='word_1_93' title='bbox 329 902 480 957; x_wconf 87' lang='lat' dir='ltr'><strong>lercrniam</strong></span> <span class='ocrx_word' id='word_1_94' title='bbox 495 902 583 955; x_wconf 79' lang='lat' dir='ltr'><strong>dixit:</strong></span> <span class='ocrx_word' id='word_1_95' title='bbox 603 922 613 951; x_wconf 84' lang='grc' dir='ltr'>ι</span> <span class='ocrx_word' id='word_1_96' title='bbox 628 901 859 972; x_wconf 85' lang='lat' dir='ltr'><strong>Repentcloquar</strong></span> <span class='ocrx_word' id='word_1_97' title='bbox 871 899 919 953; x_wconf 89' lang='lat' dir='ltr'><strong>ad·</strong></span> <span class='ocrx_word' id='word_1_98' title='bbox 959 906 1034 956; x_wconf 90' lang='lat' dir='ltr'><strong>sunt.</strong></span> 
     </span>
    </p>
   </div>
   <div class='ocr_carea' id='block_1_3' title="bbox 118 987 1757 1154">
    <p class='ocr_par' dir='ltr' id='par_1_3' title="bbox 118 987 1757 1154">
     <span class='ocr_line' id='line_1_9' title="bbox 118 987 918 1061; baseline -0.006 -17"><span class='ocrx_word' id='word_1_99' title='bbox 118 997 343 1061; x_wconf 81' lang='lat' dir='ltr'><strong>versusgentcm,</strong></span> <span class='ocrx_word' id='word_1_100' title='bbox 351 991 485 1044; x_wconf 83' lang='lat' dir='ltr'><strong>advorsus</strong></span> <span class='ocrx_word' id='word_1_101' title='bbox 493 1005 620 1059; x_wconf 87' lang='lat' dir='ltr'><strong>regnum,</strong></span> <span class='ocrx_word' id='word_1_102' title='bbox 630 988 808 1043; x_wconf 89' lang='lat' dir='ltr'><strong>uteradicem</strong></span> <span class='ocrx_word' id='word_1_103' title='bbox 818 992 847 1041; x_wconf 89' lang='lat' dir='ltr'><strong>et</strong></span> <span class='ocrx_word' id='word_1_104' title='bbox 860 987 918 1040; x_wconf 88' lang='lat' dir='ltr'><strong>dis-</strong></span> 
     </span>
     <span class='ocr_line' id='line_1_10' title="bbox 119 1058 1757 1154; baseline -0.006 -20"><span class='ocrx_word' id='word_1_105' title='bbox 119 1082 235 1154; x_wconf 86' lang='lat' dir='ltr'><strong>perdam</strong></span> <span class='ocrx_word' id='word_1_106' title='bbox 261 1080 340 1135; x_wconf 88' lang='lat' dir='ltr'><strong>illud.</strong></span> <span class='ocrx_word' id='word_1_107' title='bbox 369 1079 398 1133; x_wconf 88' lang='lat' dir='ltr'><strong>Si</strong></span> <span class='ocrx_word' id='word_1_108' title='bbox 426 1078 619 1149; x_wconf 66' lang='lat' dir='ltr'><strong>pavitantium</strong></span> <span class='ocrx_word' id='word_1_109' title='bbox 645 1077 734 1147; x_wconf 79' lang='lat' dir='ltr'><strong>egerit</strong></span> <span class='ocrx_word' id='word_1_110' title='bbox 753 1093 823 1145; x_wconf 88' lang='lat' dir='ltr'><strong>gens</strong></span> <span class='ocrx_word' id='word_1_111' title='bbox 841 1076 919 1130; x_wconf 89' lang='lat' dir='ltr'><strong>illaa</strong></span> <span class='ocrx_word' id='word_1_112' title='bbox 959 1058 1171 1112; x_wconf 67' lang='lat' dir='ltr'><strong>Cll·xx¹¹·-</strong></span> <span class='ocrx_word' id='word_1_113' title='bbox 1195 1058 1229 1112; x_wconf 53' lang='lat'><strong>1¹3</strong></span> <span class='ocrx_word' id='word_1_114' title='bbox 1243 1059 1286 1111; x_wconf 58' lang='lat'><strong>7¹5⁸</strong></span> <span class='ocrx_word' id='word_1_115' title='bbox 1305 1061 1355 1127; x_wconf 70' lang='lat' dir='ltr'><strong>‘Il‘i</strong></span> <span class='ocrx_word' id='word_1_116' title='bbox 1374 1061 1411 1112; x_wconf 68' lang='lat' dir='ltr'><strong>‘ld</strong></span> <span class='ocrx_word' id='word_1_117' title='bbox 1437 1061 1554 1112; x_wconf 53' lang='grc' dir='ltr'><strong>ΝΜ</strong></span> <span class='ocrx_word' id='word_1_118' title='bbox 1569 1059 1757 1126; x_wconf 62' lang='lat' dir='ltr'><strong>pals‘lcl&#39;ssflm</strong></span> 
     </span>
    </p>
   </div>
   <div class='ocr_carea' id='block_1_4' title="bbox 118 1130 1758 5585">
    <p class='ocr_par' dir='ltr' id='par_1_4' title="bbox 120 1130 1756 1328">
     <span class='ocr_line' id='line_1_11' title="bbox 120 1130 1756 1268; baseline -0.003 -45"><span class='ocrx_word' id='word_1_119' title='bbox 120 1171 194 1223; x_wconf 92' lang='lat' dir='ltr'><strong>man</strong></span> <span class='ocrx_word' id='word_1_120' title='bbox 203 1185 253 1222; x_wconf 90' lang='lat' dir='ltr'><strong>suo</strong></span> <span class='ocrx_word' id='word_1_121' title='bbox 269 1169 342 1239; x_wconf 88' lang='lat' dir='ltr'><strong>quod</strong></span> <span class='ocrx_word' id='word_1_122' title='bbox 355 1169 463 1221; x_wconf 87' lang='lat' dir='ltr'><strong>locutus</strong></span> <span class='ocrx_word' id='word_1_123' title='bbox 474 1184 536 1221; x_wconf 89' lang='lat' dir='ltr'><strong>sum</strong></span> <span class='ocrx_word' id='word_1_124' title='bbox 556 1168 690 1220; x_wconf 77' lang='lat' dir='ltr'><strong>adsersus</strong></span> <span class='ocrx_word' id='word_1_125' title='bbox 704 1182 776 1229; x_wconf 85' lang='lat' dir='ltr'><strong>earn,</strong></span> <span class='ocrx_word' id='word_1_126' title='bbox 793 1181 876 1235; x_wconf 86' lang='lat' dir='ltr'><strong>agam</strong></span> <span class='ocrx_word' id='word_1_127' title='bbox 889 1169 919 1218; x_wconf 89' lang='lat' dir='ltr'><strong>ct</strong></span> <span class='ocrx_word' id='word_1_128' title='bbox 992 1130 1184 1268; x_wconf 45' lang='lat' dir='ltr'><strong>mmm}</strong></span> <span class='ocrx_word' id='word_1_129' title='bbox 1202 1145 1235 1183; x_wconf 61' lang='grc' dir='ltr'><em>Μ</em></span> <span class='ocrx_word' id='word_1_130' title='bbox 1259 1131 1411 1183; x_wconf 51' lang='lat' dir='ltr'><strong><em>‘radantur</em></strong></span> <span class='ocrx_word' id='word_1_131' title='bbox 1423 1131 1655 1199; x_wconf 52' lang='lat' dir='ltr'><strong>J&#39;unem‘bm</strong></span> <span class='ocrx_word' id='word_1_132' title='bbox 1668 1145 1693 1182; x_wconf 72' lang='lat'><strong>⁸⁶</strong></span> <span class='ocrx_word' id='word_1_133' title='bbox 1702 1145 1756 1183; x_wconf 53' lang='grc' dir='ltr'><em>Μ</em></span> 
     </span>
     <span class='ocr_line' id='line_1_12' title="bbox 120 1252 918 1328; baseline -0.008 -16"><span class='ocrx_word' id='word_1_134' title='bbox 120 1275 172 1328; x_wconf 83' lang='lat' dir='ltr'><strong>ego</strong></span> <span class='ocrx_word' id='word_1_135' title='bbox 187 1257 381 1328; x_wconf 68' lang='lat' dir='ltr'><strong>penitentiam</strong></span> <span class='ocrx_word' id='word_1_136' title='bbox 394 1273 480 1327; x_wconf 89' lang='lat' dir='ltr'><strong>super</strong></span> <span class='ocrx_word' id='word_1_137' title='bbox 489 1256 563 1309; x_wconf 87' lang='lat' dir='ltr'><strong>nralo</strong></span> <span class='ocrx_word' id='word_1_138' title='bbox 575 1255 648 1327; x_wconf 92' lang='lat' dir='ltr'><strong>quod</strong></span> <span class='ocrx_word' id='word_1_139' title='bbox 664 1253 792 1324; x_wconf 80' lang='lat' dir='ltr'><strong>cogitari,</strong></span> <span class='ocrx_word' id='word_1_140' title='bbox 806 1258 838 1306; x_wconf 91' lang='lat' dir='ltr'><strong>ut</strong></span> <span class='ocrx_word' id='word_1_141' title='bbox 848 1252 918 1307; x_wconf 89' lang='lat' dir='ltr'><strong>facc-</strong></span> 
     </span>
    </p>

    <p class='ocr_par' dir='ltr' id='par_1_5' title="bbox 118 1341 1758 3189">
     <span class='ocr_line' id='line_1_13' title="bbox 120 1341 1757 1417; baseline -0.003 -16"><span class='ocrx_word' id='word_1_142' title='bbox 120 1364 181 1401; x_wconf 89' lang='lat' dir='ltr'><strong>rem</strong></span> <span class='ocrx_word' id='word_1_143' title='bbox 209 1346 234 1400; x_wconf 86' lang='lat' dir='ltr'><strong>ci</strong></span> <span class='ocrx_word' id='word_1_144' title='bbox 262 1349 319 1412; x_wconf 67' lang='lat' dir='ltr'><strong>(Iar</strong></span> <span class='ocrx_word' id='word_1_145' title='bbox 359 1351 473 1412; x_wconf 68' lang='lat' dir='ltr'><strong>xrrrrtn</strong></span> <span class='ocrx_word' id='word_1_146' title='bbox 501 1345 536 1398; x_wconf 85' lang='lat' dir='ltr'><strong>Et</strong></span> <span class='ocrx_word' id='word_1_147' title='bbox 559 1361 609 1414; x_wconf 90' lang='lat' dir='ltr'><strong>per</strong></span> <span class='ocrx_word' id='word_1_148' title='bbox 635 1343 830 1417; x_wconf 37' lang='lat' dir='ltr'><strong>Ezecl&#39;rielem:</strong></span> <span class='ocrx_word' id='word_1_149' title='bbox 854 1361 865 1392; x_wconf 82' lang='lat' dir='ltr'><strong>r</strong></span> <span class='ocrx_word' id='word_1_150' title='bbox 888 1341 917 1396; x_wconf 86' lang='lat' dir='ltr'><strong>Si</strong></span> <span class='ocrx_word' id='word_1_151' title='bbox 996 1341 1036 1395; x_wconf 94' lang='lat' dir='ltr'><strong>Dc</strong></span> <span class='ocrx_word' id='word_1_152' title='bbox 1060 1341 1103 1395; x_wconf 83' lang='lat' dir='ltr'><strong>liis</strong></span> <span class='ocrx_word' id='word_1_153' title='bbox 1118 1357 1185 1411; x_wconf 90' lang='lat' dir='ltr'><strong>ergo</strong></span> <span class='ocrx_word' id='word_1_154' title='bbox 1201 1341 1248 1411; x_wconf 90' lang='lat' dir='ltr'><strong>qui</strong></span> <span class='ocrx_word' id='word_1_155' title='bbox 1266 1341 1299 1395; x_wconf 85' lang='lat' dir='ltr'><strong>ad</strong></span> <span class='ocrx_word' id='word_1_156' title='bbox 1324 1342 1446 1396; x_wconf 74' lang='lat' dir='ltr'><strong>ecclesiae</strong></span> <span class='ocrx_word' id='word_1_157' title='bbox 1461 1341 1656 1413; x_wconf 89' lang='lat' dir='ltr'><strong>patrocinium</strong></span> <span class='ocrx_word' id='word_1_158' title='bbox 1668 1341 1757 1396; x_wconf 86' lang='lat' dir='ltr'><strong>confu-</strong></span> 
     </span>
     <span class='ocr_line' id='line_1_14' title="bbox 120 1429 1755 1504; baseline -0.003 -16"><span class='ocrx_word' id='word_1_159' title='bbox 120 1435 225 1494; x_wconf 75' lang='lat' dir='ltr'><strong>dinero.</strong></span> <span class='ocrx_word' id='word_1_160' title='bbox 241 1434 341 1504; x_wconf 86' lang='lat' dir='ltr'><strong>inquit.</strong></span> <span class='ocrx_word' id='word_1_161' title='bbox 364 1435 442 1502; x_wconf 88' lang='lat' dir='ltr'><strong>justo</strong></span> <span class='ocrx_word' id='word_1_162' title='bbox 459 1432 695 1503; x_wconf 77' lang='lat' dir='ltr'><strong>qaorlritarirot,</strong></span> <span class='ocrx_word' id='word_1_163' title='bbox 713 1429 920 1485; x_wconf 88' lang='lat' dir='ltr'><strong>etcontisusin</strong></span> <span class='ocrx_word' id='word_1_164' title='bbox 960 1430 1042 1500; x_wconf 87' lang='lat' dir='ltr'><strong>ginnt</strong></span> <span class='ocrx_word' id='word_1_165' title='bbox 1057 1446 1093 1483; x_wconf 87' lang='lat' dir='ltr'><strong>ne</strong></span> <span class='ocrx_word' id='word_1_166' title='bbox 1113 1430 1271 1491; x_wconf 71' lang='lat' dir='ltr'><strong>mudantur,</strong></span> <span class='ocrx_word' id='word_1_167' title='bbox 1298 1430 1326 1483; x_wconf 92' lang='lat' dir='ltr'><strong>in</strong></span> <span class='ocrx_word' id='word_1_168' title='bbox 1351 1430 1467 1485; x_wconf 89' lang='lat' dir='ltr'><strong>concilio</strong></span> <span class='ocrx_word' id='word_1_169' title='bbox 1492 1429 1680 1494; x_wconf 81' lang='lat' dir='ltr'><strong>Amusicano,</strong></span> <span class='ocrx_word' id='word_1_170' title='bbox 1700 1447 1755 1502; x_wconf 84' lang='lat' dir='ltr'><strong>cap.</strong></span> 
     </span>
     <span class='ocr_line' id='line_1_15' title="bbox 118 1518 1757 1594; baseline -0.003 -17"><span class='ocrx_word' id='word_1_171' title='bbox 118 1523 291 1594; x_wconf 83' lang='lat' dir='ltr'><strong>justitiasua</strong></span> <span class='ocrx_word' id='word_1_172' title='bbox 311 1522 406 1576; x_wconf 85' lang='lat' dir='ltr'><strong>t&#39;rcerit</strong></span> <span class='ocrx_word' id='word_1_173' title='bbox 422 1518 920 1592; x_wconf 75' lang='lat' dir='ltr'><strong>iniquitatem,omncsjustitiaecjus</strong></span> <span class='ocrx_word' id='word_1_174' title='bbox 960 1520 1188 1589; x_wconf 80' lang='lat' dir='ltr'><strong>tt,itascriptum</strong></span> <span class='ocrx_word' id='word_1_175' title='bbox 1204 1525 1269 1573; x_wconf 86' lang='lat' dir='ltr'><strong>est:</strong></span> <span class='ocrx_word' id='word_1_176' title='bbox 1297 1520 1350 1573; x_wconf 86' lang='lat' dir='ltr'><strong>Eos</strong></span> <span class='ocrx_word' id='word_1_177' title='bbox 1371 1527 1466 1573; x_wconf 88' lang='lat' dir='ltr'><strong>autem</strong></span> <span class='ocrx_word' id='word_1_178' title='bbox 1493 1519 1543 1590; x_wconf 90' lang='lat' dir='ltr'><strong>qni</strong></span> <span class='ocrx_word' id='word_1_179' title='bbox 1569 1518 1608 1572; x_wconf 90' lang='lat' dir='ltr'><strong>ad</strong></span> <span class='ocrx_word' id='word_1_180' title='bbox 1622 1518 1757 1572; x_wconf 87' lang='lat' dir='ltr'><strong>ecclesiam</strong></span> 
     </span>
     <span class='ocr_line' id='line_1_16' title="bbox 120 1607 1757 1680; baseline -0.004 -14"><span class='ocrx_word' id='word_1_181' title='bbox 120 1611 250 1667; x_wconf 78' lang='lat' dir='ltr'><strong>oblivioni</strong></span> <span class='ocrx_word' id='word_1_182' title='bbox 266 1611 423 1671; x_wconf 80' lang='lat' dir='ltr'><strong>tradentur,</strong></span> <span class='ocrx_word' id='word_1_183' title='bbox 440 1617 469 1664; x_wconf 92' lang='lat' dir='ltr'><strong>ct</strong></span> <span class='ocrx_word' id='word_1_184' title='bbox 483 1611 511 1664; x_wconf 87' lang='lat' dir='ltr'><strong>iu</strong></span> <span class='ocrx_word' id='word_1_185' title='bbox 527 1609 675 1680; x_wconf 87' lang='lat' dir='ltr'><strong>iniquitate</strong></span> <span class='ocrx_word' id='word_1_186' title='bbox 690 1625 740 1662; x_wconf 79' lang='lat' dir='ltr'><strong>sua</strong></span> <span class='ocrx_word' id='word_1_187' title='bbox 755 1623 839 1677; x_wconf 89' lang='lat' dir='ltr'><strong>quarn</strong></span> <span class='ocrx_word' id='word_1_188' title='bbox 852 1622 919 1677; x_wconf 87' lang='lat' dir='ltr'><strong>cpe·</strong></span> <span class='ocrx_word' id='word_1_189' title='bbox 960 1608 1145 1679; x_wconf 81' lang='lat' dir='ltr'><strong>confugerint,</strong></span> <span class='ocrx_word' id='word_1_190' title='bbox 1162 1607 1234 1661; x_wconf 90' lang='lat' dir='ltr'><strong>tradi</strong></span> <span class='ocrx_word' id='word_1_191' title='bbox 1250 1624 1305 1661; x_wconf 92' lang='lat' dir='ltr'><strong>non</strong></span> <span class='ocrx_word' id='word_1_192' title='bbox 1318 1614 1473 1679; x_wconf 56' lang='lat' dir='ltr'><strong>oportere:</strong></span> <span class='ocrx_word' id='word_1_193' title='bbox 1485 1607 1536 1660; x_wconf 89' lang='lat' dir='ltr'><strong>sed</strong></span> <span class='ocrx_word' id='word_1_194' title='bbox 1555 1607 1612 1660; x_wconf 90' lang='lat' dir='ltr'><strong>loci</strong></span> <span class='ocrx_word' id='word_1_195' title='bbox 1624 1607 1710 1660; x_wconf 85' lang='lat' dir='ltr'><strong>sancti</strong></span> <span class='ocrx_word' id='word_1_196' title='bbox 1720 1623 1757 1661; x_wconf 81' lang='lat' dir='ltr'><strong>re-</strong></span> 
     </span>
     <span class='ocr_line' id='line_1_17' title="bbox 120 1684 1757 1770; baseline -0.009 -14"><span class='ocrx_word' id='word_1_197' title='bbox 120 1707 200 1756; x_wconf 87' lang='lat' dir='ltr'><strong>ratus</strong></span> <span class='ocrx_word' id='word_1_198' title='bbox 210 1708 262 1759; x_wconf 86' lang='lat' dir='ltr'><strong>est.</strong></span> <span class='ocrx_word' id='word_1_199' title='bbox 282 1700 310 1753; x_wconf 92' lang='lat' dir='ltr'><strong>in</strong></span> <span class='ocrx_word' id='word_1_200' title='bbox 321 1699 381 1770; x_wconf 91' lang='lat' dir='ltr'><strong>ipsa</strong></span> <span class='ocrx_word' id='word_1_201' title='bbox 403 1699 548 1753; x_wconf 87' lang='lat' dir='ltr'><strong>morietur.</strong></span> <span class='ocrx_word' id='word_1_202' title='bbox 561 1698 589 1752; x_wconf 90' lang='lat' dir='ltr'><strong>Si</strong></span> <span class='ocrx_word' id='word_1_203' title='bbox 604 1703 699 1752; x_wconf 89' lang='lat' dir='ltr'><strong>autem</strong></span> <span class='ocrx_word' id='word_1_204' title='bbox 714 1697 809 1751; x_wconf 85' lang='lat' dir='ltr'><strong>dixero</strong></span> <span class='ocrx_word' id='word_1_205' title='bbox 822 1684 1087 1765; x_wconf 78' lang='lat' dir='ltr'><strong>impio,Bverentia</strong></span> <span class='ocrx_word' id='word_1_206' title='bbox 1098 1703 1126 1750; x_wconf 79' lang='lat' dir='ltr'><strong>et</strong></span> <span class='ocrx_word' id='word_1_207' title='bbox 1137 1696 1336 1751; x_wconf 78' lang='lat' dir='ltr'><strong>intercessione</strong></span> <span class='ocrx_word' id='word_1_208' title='bbox 1357 1697 1480 1751; x_wconf 72' lang='lat' dir='ltr'><strong>defendi,</strong></span> <span class='ocrx_word' id='word_1_209' title='bbox 1502 1698 1534 1751; x_wconf 80' lang='lat' dir='ltr'><strong>ln</strong></span> <span class='ocrx_word' id='word_1_210' title='bbox 1548 1695 1668 1750; x_wconf 76' lang='lat' dir='ltr'><strong>concilio</strong></span> <span class='ocrx_word' id='word_1_211' title='bbox 1679 1698 1757 1749; x_wconf 72' lang='lat' dir='ltr'><strong>Aure-</strong></span> 
     </span>
     <span class='ocr_line' id='line_1_18' title="bbox 121 1784 1755 1858; baseline -0.004 -14"><span class='ocrx_word' id='word_1_212' title='bbox 121 1791 210 1844; x_wconf 86' lang='lat' dir='ltr'><strong>Illortc</strong></span> <span class='ocrx_word' id='word_1_213' title='bbox 222 1788 360 1851; x_wconf 87' lang='lat' dir='ltr'><strong>morieris,</strong></span> <span class='ocrx_word' id='word_1_214' title='bbox 369 1793 397 1841; x_wconf 91' lang='lat' dir='ltr'><strong>et</strong></span> <span class='ocrx_word' id='word_1_215' title='bbox 411 1788 499 1841; x_wconf 86' lang='lat' dir='ltr'><strong>ererit</strong></span> <span class='ocrx_word' id='word_1_216' title='bbox 510 1787 717 1858; x_wconf 72' lang='lat' dir='ltr'><strong>paenitentiam,</strong></span> <span class='ocrx_word' id='word_1_217' title='bbox 731 1785 789 1839; x_wconf 84' lang='lat' dir='ltr'><strong>rita</strong></span> <span class='ocrx_word' id='word_1_218' title='bbox 803 1784 878 1853; x_wconf 72' lang='lat' dir='ltr'><strong>riget</strong></span> <span class='ocrx_word' id='word_1_219' title='bbox 892 1788 921 1837; x_wconf 89' lang='lat' dir='ltr'><strong>ct</strong></span> <span class='ocrx_word' id='word_1_220' title='bbox 961 1785 1089 1844; x_wconf 78' lang='lat' dir='ltr'><strong>lianensi,</strong></span> <span class='ocrx_word' id='word_1_221' title='bbox 1106 1802 1168 1856; x_wconf 90' lang='lat' dir='ltr'><strong>cap.</strong></span> <span class='ocrx_word' id='word_1_222' title='bbox 1183 1785 1211 1852; x_wconf 84' lang='lat' dir='ltr'><strong>l,</strong></span> <span class='ocrx_word' id='word_1_223' title='bbox 1222 1785 1257 1839; x_wconf 90' lang='lat' dir='ltr'><strong>do</strong></span> <span class='ocrx_word' id='word_1_224' title='bbox 1267 1785 1424 1839; x_wconf 88' lang='lat' dir='ltr'><strong>homicidis.</strong></span> <span class='ocrx_word' id='word_1_225' title='bbox 1442 1791 1472 1839; x_wconf 90' lang='lat' dir='ltr'><strong>et</strong></span> <span class='ocrx_word' id='word_1_226' title='bbox 1487 1784 1638 1847; x_wconf 72' lang='lat' dir='ltr'><strong>adulteris</strong></span> <span class='ocrx_word' id='word_1_227' title='bbox 1655 1792 1685 1838; x_wconf 88' lang='lat' dir='ltr'><strong>et</strong></span> <span class='ocrx_word' id='word_1_228' title='bbox 1695 1785 1755 1838; x_wconf 88' lang='lat' dir='ltr'><strong>furi·</strong></span> 
     </span>
     <span class='ocr_line' id='line_1_19' title="bbox 121 1873 1754 1946; baseline -0.005 -11"><span class='ocrx_word' id='word_1_229' title='bbox 121 1895 178 1934; x_wconf 88' lang='lat' dir='ltr'><strong>non</strong></span> <span class='ocrx_word' id='word_1_230' title='bbox 191 1879 326 1933; x_wconf 85' lang='lat' dir='ltr'><strong>morietur</strong></span> <span class='ocrx_word' id='word_1_231' title='bbox 337 1878 441 1942; x_wconf 71' lang='lat' dir='ltr'><strong>(Escrlr.</strong></span> <span class='ocrx_word' id='word_1_232' title='bbox 454 1879 566 1945; x_wconf 60' lang='lat' dir='ltr'><strong>uruit»</strong></span> <span class='ocrx_word' id='word_1_233' title='bbox 584 1875 612 1929; x_wconf 91' lang='lat' dir='ltr'><strong>Si</strong></span> <span class='ocrx_word' id='word_1_234' title='bbox 624 1891 690 1946; x_wconf 83' lang='lat' dir='ltr'><strong>ergo</strong></span> <span class='ocrx_word' id='word_1_235' title='bbox 701 1881 919 1929; x_wconf 81' lang='lat' dir='ltr'><strong>nostracomer-</strong></span> <span class='ocrx_word' id='word_1_236' title='bbox 961 1874 1022 1940; x_wconf 90' lang='lat' dir='ltr'><strong>bus,</strong></span> <span class='ocrx_word' id='word_1_237' title='bbox 1039 1874 1062 1928; x_wconf 89' lang='lat' dir='ltr'><strong>si</strong></span> <span class='ocrx_word' id='word_1_238' title='bbox 1077 1875 1112 1927; x_wconf 90' lang='lat' dir='ltr'><strong>ad</strong></span> <span class='ocrx_word' id='word_1_239' title='bbox 1128 1874 1272 1928; x_wconf 86' lang='lat' dir='ltr'><strong>ecclesiam</strong></span> <span class='ocrx_word' id='word_1_240' title='bbox 1289 1874 1475 1944; x_wconf 80' lang='lat' dir='ltr'><strong>confugerint,</strong></span> <span class='ocrx_word' id='word_1_241' title='bbox 1488 1874 1530 1927; x_wconf 85' lang='lat' dir='ltr'><strong>ita</strong></span> <span class='ocrx_word' id='word_1_242' title='bbox 1546 1873 1684 1945; x_wconf 86' lang='lat' dir='ltr'><strong>scriptum</strong></span> <span class='ocrx_word' id='word_1_243' title='bbox 1697 1882 1754 1928; x_wconf 83' lang='lat' dir='ltr'><strong>est:</strong></span> 
     </span>
     <span class='ocr_line' id='line_1_20' title="bbox 125 1962 1756 2034; baseline -0.004 -12"><span class='ocrx_word' id='word_1_244' title='bbox 125 1968 166 2022; x_wconf 88' lang='lat' dir='ltr'><strong>sio</strong></span> <span class='ocrx_word' id='word_1_245' title='bbox 183 1968 223 2021; x_wconf 92' lang='lat' dir='ltr'><strong>sic</strong></span> <span class='ocrx_word' id='word_1_246' title='bbox 237 1966 360 2020; x_wconf 83' lang='lat' dir='ltr'><strong>‹lirinam</strong></span> <span class='ocrx_word' id='word_1_247' title='bbox 384 1970 475 2020; x_wconf 90' lang='lat' dir='ltr'><strong>mutat</strong></span> <span class='ocrx_word' id='word_1_248' title='bbox 489 1964 669 2031; x_wconf 88' lang='lat' dir='ltr'><strong>sententiam,</strong></span> <span class='ocrx_word' id='word_1_249' title='bbox 687 1981 738 2018; x_wconf 90' lang='lat' dir='ltr'><strong>cur</strong></span> <span class='ocrx_word' id='word_1_250' title='bbox 752 1963 920 2017; x_wconf 90' lang='lat' dir='ltr'><strong>miserorum</strong></span> <span class='ocrx_word' id='word_1_251' title='bbox 961 1963 990 2018; x_wconf 91' lang='lat' dir='ltr'><strong>Id</strong></span> <span class='ocrx_word' id='word_1_252' title='bbox 1008 1963 1206 2017; x_wconf 83' lang='lat' dir='ltr'><strong>constitrnmus</strong></span> <span class='ocrx_word' id='word_1_253' title='bbox 1221 1962 1426 2017; x_wconf 74' lang='lat' dir='ltr'><strong>observandum</strong></span> <span class='ocrx_word' id='word_1_254' title='bbox 1437 1962 1514 2034; x_wconf 89' lang='lat' dir='ltr'><strong>quod</strong></span> <span class='ocrx_word' id='word_1_255' title='bbox 1531 1962 1756 2016; x_wconf 77' lang='lat' dir='ltr'><strong>ecclesiasticim-</strong></span> 
     </span>
     <span class='ocr_line' id='line_1_21' title="bbox 126 2051 1757 2126; baseline -0.003 -16"><span class='ocrx_word' id='word_1_256' title='bbox 126 2062 211 2111; x_wconf 77' lang='lat' dir='ltr'><strong>tanta</strong></span> <span class='ocrx_word' id='word_1_257' title='bbox 229 2057 356 2126; x_wconf 56' lang='lat' dir='ltr'><strong>lacrumae</strong></span> <span class='ocrx_word' id='word_1_258' title='bbox 371 2055 412 2108; x_wconf 84' lang='lat' dir='ltr'><strong>rol</strong></span> <span class='ocrx_word' id='word_1_259' title='bbox 427 2070 567 2125; x_wconf 90' lang='lat' dir='ltr'><strong>pressura,</strong></span> <span class='ocrx_word' id='word_1_260' title='bbox 584 2059 643 2107; x_wconf 90' lang='lat' dir='ltr'><strong>tarn</strong></span> <span class='ocrx_word' id='word_1_261' title='bbox 656 2053 772 2107; x_wconf 86' lang='lat' dir='ltr'><strong>crudam</strong></span> <span class='ocrx_word' id='word_1_262' title='bbox 785 2058 920 2105; x_wconf 90' lang='lat' dir='ltr'><strong>nontem·</strong></span> <span class='ocrx_word' id='word_1_263' title='bbox 961 2068 1048 2107; x_wconf 88' lang='lat' dir='ltr'><strong>nones</strong></span> <span class='ocrx_word' id='word_1_264' title='bbox 1077 2053 1268 2111; x_wconf 82' lang='lat' dir='ltr'><strong>decreverunt,</strong></span> <span class='ocrx_word' id='word_1_265' title='bbox 1296 2058 1325 2105; x_wconf 91' lang='lat' dir='ltr'><strong>et</strong></span> <span class='ocrx_word' id='word_1_266' title='bbox 1346 2052 1389 2105; x_wconf 78' lang='lat' dir='ltr'><strong>lex</strong></span> <span class='ocrx_word' id='word_1_267' title='bbox 1405 2052 1537 2105; x_wconf 84' lang='lat' dir='ltr'><strong>Ilomana</strong></span> <span class='ocrx_word' id='word_1_268' title='bbox 1559 2051 1757 2114; x_wconf 70' lang='lat' dir='ltr'><strong>constituitur</strong></span> 
     </span>
     <span class='ocr_line' id='line_1_22' title="bbox 124 2140 1756 2218; baseline -0.001 -21"><span class='ocrx_word' id='word_1_269' title='bbox 124 2151 223 2218; x_wconf 85' lang='lat' dir='ltr'><strong>pereat</strong></span> <span class='ocrx_word' id='word_1_270' title='bbox 235 2162 267 2198; x_wconf 78' lang='lat' dir='ltr'><strong>er</strong></span> <span class='ocrx_word' id='word_1_271' title='bbox 280 2143 460 2197; x_wconf 71' lang='lat' dir='ltr'><strong>obseratione</strong></span> <span class='ocrx_word' id='word_1_272' title='bbox 467 2142 637 2197; x_wconf 77' lang='lat' dir='ltr'><strong>vindictam?</strong></span> <span class='ocrx_word' id='word_1_273' title='bbox 650 2141 921 2213; x_wconf 86' lang='lat' dir='ltr'><strong>Iliacpopuloctiam</strong></span> <span class='ocrx_word' id='word_1_274' title='bbox 961 2140 996 2195; x_wconf 87' lang='lat' dir='ltr'><strong>ab</strong></span> <span class='ocrx_word' id='word_1_275' title='bbox 1012 2141 1133 2195; x_wconf 80' lang='lat' dir='ltr'><strong>ccclesIae</strong></span> <span class='ocrx_word' id='word_1_276' title='bbox 1149 2140 1228 2194; x_wconf 89' lang='lat' dir='ltr'><strong>atriis</strong></span> <span class='ocrx_word' id='word_1_277' title='bbox 1243 2142 1285 2194; x_wconf 80' lang='lat' dir='ltr'><strong>rel</strong></span> <span class='ocrx_word' id='word_1_278' title='bbox 1298 2140 1382 2194; x_wconf 91' lang='lat' dir='ltr'><strong>domo</strong></span> <span class='ocrx_word' id='word_1_279' title='bbox 1396 2141 1521 2211; x_wconf 82' lang='lat' dir='ltr'><strong>episcopi</strong></span> <span class='ocrx_word' id='word_1_280' title='bbox 1537 2157 1589 2194; x_wconf 90' lang='lat' dir='ltr'><strong>eos</strong></span> <span class='ocrx_word' id='word_1_281' title='bbox 1602 2140 1756 2195; x_wconf 76' lang='lat' dir='ltr'><strong>abstrahere</strong></span> 
     </span>
     <span class='ocr_line' id='line_1_23' title="bbox 123 2208 1757 2302; baseline -0.003 -13"><span class='ocrx_word' id='word_1_282' title='bbox 123 2233 359 2302; x_wconf 75' lang='lat' dir='ltr'><strong>israeliticosrepo</strong></span> <span class='ocrx_word' id='word_1_283' title='bbox 375 2232 444 2285; x_wconf 90' lang='lat' dir='ltr'><strong>ultio</strong></span> <span class='ocrx_word' id='word_1_284' title='bbox 465 2231 604 2302; x_wconf 85' lang='lat' dir='ltr'><strong>promissa</strong></span> <span class='ocrx_word' id='word_1_285' title='bbox 619 2229 809 2300; x_wconf 81' lang='lat' dir='ltr'><strong>suspenditur,</strong></span> <span class='ocrx_word' id='word_1_286' title='bbox 830 2233 859 2283; x_wconf 91' lang='lat' dir='ltr'><strong>ct</strong></span> <span class='ocrx_word' id='word_1_287' title='bbox 873 2208 920 2282; x_wconf 73' lang='lat' dir='ltr'><strong>Iti-</strong></span> <span class='ocrx_word' id='word_1_288' title='bbox 962 2231 1077 2285; x_wconf 90' lang='lat' dir='ltr'><strong>omninc</strong></span> <span class='ocrx_word' id='word_1_289' title='bbox 1099 2247 1156 2284; x_wconf 90' lang='lat' dir='ltr'><strong>non</strong></span> <span class='ocrx_word' id='word_1_290' title='bbox 1181 2230 1254 2289; x_wconf 75' lang='lat' dir='ltr'><strong>lieet,</strong></span> <span class='ocrx_word' id='word_1_291' title='bbox 1276 2230 1322 2283; x_wconf 89' lang='lat' dir='ltr'><strong>sod</strong></span> <span class='ocrx_word' id='word_1_292' title='bbox 1349 2246 1401 2282; x_wconf 88' lang='lat' dir='ltr'><strong>nec</strong></span> <span class='ocrx_word' id='word_1_293' title='bbox 1424 2230 1508 2284; x_wconf 76' lang='lat' dir='ltr'><strong>altarri</strong></span> <span class='ocrx_word' id='word_1_294' title='bbox 1523 2229 1695 2300; x_wconf 84' lang='lat' dir='ltr'><strong>consignari,</strong></span> <span class='ocrx_word' id='word_1_295' title='bbox 1709 2229 1757 2284; x_wconf 85' lang='lat' dir='ltr'><strong>nisi</strong></span> 
     </span>
     <span class='ocr_line' id='line_1_24' title="bbox 122 2317 1756 2392; baseline -0.004 -15"><span class='ocrx_word' id='word_1_296' title='bbox 122 2323 275 2377; x_wconf 85' lang='lat' dir='ltr'><strong>niritarnm</strong></span> <span class='ocrx_word' id='word_1_297' title='bbox 290 2320 410 2392; x_wconf 83' lang='lat' dir='ltr'><strong>perditio</strong></span> <span class='ocrx_word' id='word_1_298' title='bbox 425 2320 525 2375; x_wconf 68' lang='lat' dir='ltr'><strong>divinae</strong></span> <span class='ocrx_word' id='word_1_299' title='bbox 547 2319 693 2374; x_wconf 78' lang='lat' dir='ltr'><strong>sentcntiae</strong></span> <span class='ocrx_word' id='word_1_300' title='bbox 714 2317 920 2390; x_wconf 79' lang='lat' dir='ltr'><strong>permutatione</strong></span> <span class='ocrx_word' id='word_1_301' title='bbox 961 2320 997 2374; x_wconf 90' lang='lat' dir='ltr'><strong>ad</strong></span> <span class='ocrx_word' id='word_1_302' title='bbox 1012 2319 1162 2390; x_wconf 80' lang='lat' dir='ltr'><strong>Evangelia</strong></span> <span class='ocrx_word' id='word_1_303' title='bbox 1176 2318 1249 2372; x_wconf 86' lang='lat' dir='ltr'><strong>datis</strong></span> <span class='ocrx_word' id='word_1_304' title='bbox 1266 2319 1460 2385; x_wconf 88' lang='lat' dir='ltr'><strong>sacramentis,</strong></span> <span class='ocrx_word' id='word_1_305' title='bbox 1482 2319 1518 2373; x_wconf 91' lang='lat' dir='ltr'><strong>dc</strong></span> <span class='ocrx_word' id='word_1_306' title='bbox 1534 2326 1630 2374; x_wconf 84' lang='lat' dir='ltr'><strong>morte</strong></span> <span class='ocrx_word' id='word_1_307' title='bbox 1643 2324 1672 2373; x_wconf 89' lang='lat' dir='ltr'><strong>et</strong></span> <span class='ocrx_word' id='word_1_308' title='bbox 1688 2318 1756 2372; x_wconf 87' lang='lat' dir='ltr'><strong>debi-</strong></span> 
     </span>
     <span class='ocr_line' id='line_1_25' title="bbox 121 2405 1757 2480; baseline -0.002 -15"><span class='ocrx_word' id='word_1_309' title='bbox 121 2411 246 2466; x_wconf 86' lang='lat' dir='ltr'><strong>sedatur.</strong></span> <span class='ocrx_word' id='word_1_310' title='bbox 263 2411 333 2464; x_wconf 83' lang='lat' dir='ltr'><strong>Nam</strong></span> <span class='ocrx_word' id='word_1_311' title='bbox 350 2416 464 2463; x_wconf 89' lang='lat' dir='ltr'><strong>sanctus</strong></span> <span class='ocrx_word' id='word_1_312' title='bbox 479 2408 644 2463; x_wconf 84' lang='lat' dir='ltr'><strong>Ambrosius</strong></span> <span class='ocrx_word' id='word_1_313' title='bbox 663 2406 692 2461; x_wconf 90' lang='lat' dir='ltr'><strong>in</strong></span> <span class='ocrx_word' id='word_1_314' title='bbox 705 2406 777 2460; x_wconf 90' lang='lat' dir='ltr'><strong>libro</strong></span> <span class='ocrx_word' id='word_1_315' title='bbox 791 2405 875 2460; x_wconf 87' lang='lat' dir='ltr'><strong>tertio</strong></span> <span class='ocrx_word' id='word_1_316' title='bbox 885 2405 920 2458; x_wconf 87' lang='lat' dir='ltr'><strong>de</strong></span> <span class='ocrx_word' id='word_1_317' title='bbox 961 2409 1041 2462; x_wconf 90' lang='lat' dir='ltr'><strong>litate</strong></span> <span class='ocrx_word' id='word_1_318' title='bbox 1061 2413 1089 2462; x_wconf 91' lang='lat' dir='ltr'><strong>ct</strong></span> <span class='ocrx_word' id='word_1_319' title='bbox 1103 2407 1180 2462; x_wconf 91' lang='lat' dir='ltr'><strong>omni</strong></span> <span class='ocrx_word' id='word_1_320' title='bbox 1192 2424 1339 2480; x_wconf 74' lang='lat' dir='ltr'><strong>poenarum</strong></span> <span class='ocrx_word' id='word_1_321' title='bbox 1349 2424 1454 2477; x_wconf 82' lang='lat' dir='ltr'><strong>genere</strong></span> <span class='ocrx_word' id='word_1_322' title='bbox 1469 2409 1527 2461; x_wconf 88' lang='lat' dir='ltr'><strong>sint</strong></span> <span class='ocrx_word' id='word_1_323' title='bbox 1544 2408 1757 2471; x_wconf 82' lang='lat' dir='ltr'><strong>securi‚itautei</strong></span> 
     </span>
     <span class='ocr_line' id='line_1_26' title="bbox 123 2483 1757 2571; baseline -0.002 -15"><span class='ocrx_word' id='word_1_324' title='bbox 123 2500 237 2559; x_wconf 79' lang='lat' dir='ltr'><strong>Officiis,</strong></span> <span class='ocrx_word' id='word_1_325' title='bbox 254 2517 314 2571; x_wconf 86' lang='lat' dir='ltr'><strong>cap.</strong></span> <span class='ocrx_word' id='word_1_326' title='bbox 337 2499 378 2562; x_wconf 76' lang='lat' dir='ltr'><strong>Ia,</strong></span> <span class='ocrx_word' id='word_1_327' title='bbox 397 2498 437 2552; x_wconf 92' lang='lat' dir='ltr'><strong>ita</strong></span> <span class='ocrx_word' id='word_1_328' title='bbox 451 2497 509 2551; x_wconf 88' lang='lat' dir='ltr'><strong>ait:</strong></span> <span class='ocrx_word' id='word_1_329' title='bbox 527 2499 632 2552; x_wconf 87' lang='lat' dir='ltr'><strong>Parum</strong></span> <span class='ocrx_word' id='word_1_330' title='bbox 643 2495 771 2567; x_wconf 87' lang='lat' dir='ltr'><strong>igiturac</strong></span> <span class='ocrx_word' id='word_1_331' title='bbox 783 2495 922 2549; x_wconf 87' lang='lat' dir='ltr'><strong>sincerum</strong></span> <span class='ocrx_word' id='word_1_332' title='bbox 964 2498 1008 2551; x_wconf 89' lang='lat' dir='ltr'><strong>eui</strong></span> <span class='ocrx_word' id='word_1_333' title='bbox 1024 2514 1090 2551; x_wconf 90' lang='lat' dir='ltr'><strong>reus</strong></span> <span class='ocrx_word' id='word_1_334' title='bbox 1109 2496 1195 2551; x_wconf 90' lang='lat' dir='ltr'><strong>fuerit</strong></span> <span class='ocrx_word' id='word_1_335' title='bbox 1218 2483 1387 2550; x_wconf 87' lang='lat' dir='ltr'><strong>criminosus</strong></span> <span class='ocrx_word' id='word_1_336' title='bbox 1401 2497 1436 2551; x_wconf 91' lang='lat' dir='ltr'><strong>de</strong></span> <span class='ocrx_word' id='word_1_337' title='bbox 1459 2497 1656 2552; x_wconf 80' lang='lat' dir='ltr'><strong>satisfactione</strong></span> <span class='ocrx_word' id='word_1_338' title='bbox 1669 2514 1757 2552; x_wconf 83' lang='lat' dir='ltr'><strong>conre-</strong></span> 
     </span>
     <span class='ocr_line' id='line_1_27' title="bbox 122 2583 1758 2661; baseline -0.003 -17"><span class='ocrx_word' id='word_1_339' title='bbox 122 2596 233 2661; x_wconf 82' lang='lat' dir='ltr'><strong>oportct</strong></span> <span class='ocrx_word' id='word_1_340' title='bbox 259 2606 319 2642; x_wconf 85' lang='lat' dir='ltr'><strong>esso</strong></span> <span class='ocrx_word' id='word_1_341' title='bbox 349 2588 489 2647; x_wconf 80' lang='lat' dir='ltr'><strong>aflectum,</strong></span> <span class='ocrx_word' id='word_1_342' title='bbox 511 2594 544 2640; x_wconf 92' lang='lat' dir='ltr'><strong>ut</strong></span> <span class='ocrx_word' id='word_1_343' title='bbox 563 2585 754 2656; x_wconf 88' lang='lat' dir='ltr'><strong>unusquisqne</strong></span> <span class='ocrx_word' id='word_1_344' title='bbox 768 2583 921 2655; x_wconf 83' lang='lat' dir='ltr'><strong>simplicem</strong></span> <span class='ocrx_word' id='word_1_345' title='bbox 964 2587 1033 2641; x_wconf 88' lang='lat' dir='ltr'><strong>mat.</strong></span> <span class='ocrx_word' id='word_1_346' title='bbox 1049 2585 1129 2650; x_wconf 89' lang='lat' dir='ltr'><strong>Quod</strong></span> <span class='ocrx_word' id='word_1_347' title='bbox 1145 2586 1168 2639; x_wconf 91' lang='lat' dir='ltr'><strong>si</strong></span> <span class='ocrx_word' id='word_1_348' title='bbox 1193 2592 1370 2639; x_wconf 88' lang='lat' dir='ltr'><strong>sacramenta</strong></span> <span class='ocrx_word' id='word_1_349' title='bbox 1385 2601 1437 2639; x_wconf 87' lang='lat' dir='ltr'><strong>sua</strong></span> <span class='ocrx_word' id='word_1_350' title='bbox 1459 2587 1607 2641; x_wconf 79' lang='lat' dir='ltr'><strong>convictus</strong></span> <span class='ocrx_word' id='word_1_351' title='bbox 1619 2586 1758 2641; x_wconf 82' lang='lat' dir='ltr'><strong>fueritrio</strong></span> 
     </span>
     <span class='ocr_line' id='line_1_28' title="bbox 124 2671 1757 2747; baseline -0.001 -15"><span class='ocrx_word' id='word_1_352' title='bbox 124 2694 282 2732; x_wconf 87' lang='lat' dir='ltr'><strong>sermonem</strong></span> <span class='ocrx_word' id='word_1_353' title='bbox 298 2675 422 2747; x_wconf 86' lang='lat' dir='ltr'><strong>proferat</strong></span> <span class='ocrx_word' id='word_1_354' title='bbox 438 2694 443 2728; x_wconf 91' lang='lat'>:</span> <span class='ocrx_word' id='word_1_355' title='bbox 461 2692 509 2729; x_wconf 85' lang='lat' dir='ltr'><strong>ras</strong></span> <span class='ocrx_word' id='word_1_356' title='bbox 528 2692 610 2729; x_wconf 88' lang='lat' dir='ltr'><strong>sunm</strong></span> <span class='ocrx_word' id='word_1_357' title='bbox 626 2675 654 2728; x_wconf 82' lang='lat' dir='ltr'><strong>ln</strong></span> <span class='ocrx_word' id='word_1_358' title='bbox 677 2673 825 2728; x_wconf 86' lang='lat' dir='ltr'><strong>sanctitate</strong></span> <span class='ocrx_word' id='word_1_359' title='bbox 835 2671 923 2743; x_wconf 84' lang='lat' dir='ltr'><strong>possi·</strong></span> <span class='ocrx_word' id='word_1_360' title='bbox 964 2676 1037 2729; x_wconf 87' lang='lat' dir='ltr'><strong>lasse</strong></span> <span class='ocrx_word' id='word_1_361' title='bbox 1052 2691 1116 2729; x_wconf 90' lang='lat' dir='ltr'><strong>reus</strong></span> <span class='ocrx_word' id='word_1_362' title='bbox 1130 2674 1256 2745; x_wconf 86' lang='lat' dir='ltr'><strong>perjurii,</strong></span> <span class='ocrx_word' id='word_1_363' title='bbox 1275 2691 1331 2728; x_wconf 91' lang='lat' dir='ltr'><strong>non</strong></span> <span class='ocrx_word' id='word_1_364' title='bbox 1357 2674 1449 2728; x_wconf 89' lang='lat' dir='ltr'><strong>solum</strong></span> <span class='ocrx_word' id='word_1_365' title='bbox 1469 2692 1487 2728; x_wconf 89' lang='lat' dir='ltr'><strong>a</strong></span> <span class='ocrx_word' id='word_1_366' title='bbox 1501 2672 1702 2730; x_wconf 80' lang='lat' dir='ltr'><strong>communione</strong></span> <span class='ocrx_word' id='word_1_367' title='bbox 1715 2676 1757 2730; x_wconf 73' lang='lat' dir='ltr'><strong>lic·</strong></span> 
     </span>
     <span class='ocr_line' id='line_1_29' title="bbox 125 2761 1757 2835; baseline 0.001 -18"><span class='ocrx_word' id='word_1_368' title='bbox 125 2767 200 2824; x_wconf 71' lang='lat' dir='ltr'><strong>«leat.</strong></span> <span class='ocrx_word' id='word_1_369' title='bbox 218 2783 253 2819; x_wconf 86' lang='lat' dir='ltr'><strong>no</strong></span> <span class='ocrx_word' id='word_1_370' title='bbox 264 2768 379 2819; x_wconf 86' lang='lat' dir='ltr'><strong>tratrem</strong></span> <span class='ocrx_word' id='word_1_371' title='bbox 401 2763 648 2835; x_wconf 85' lang='lat' dir='ltr'><strong>circumspectione</strong></span> <span class='ocrx_word' id='word_1_372' title='bbox 676 2762 824 2816; x_wconf 82' lang='lat' dir='ltr'><strong>verborum</strong></span> <span class='ocrx_word' id='word_1_373' title='bbox 843 2761 923 2815; x_wconf 92' lang='lat' dir='ltr'><strong>indu·</strong></span> <span class='ocrx_word' id='word_1_374' title='bbox 963 2765 1105 2819; x_wconf 84' lang='lat' dir='ltr'><strong>clesiaevcl</strong></span> <span class='ocrx_word' id='word_1_375' title='bbox 1116 2763 1241 2817; x_wconf 92' lang='lat' dir='ltr'><strong>omnium</strong></span> <span class='ocrx_word' id='word_1_376' title='bbox 1252 2763 1427 2820; x_wconf 73' lang='lat' dir='ltr'><strong>clericorum,</strong></span> <span class='ocrx_word' id='word_1_377' title='bbox 1444 2780 1545 2818; x_wconf 85' lang='lat' dir='ltr'><strong>rernm</strong></span> <span class='ocrx_word' id='word_1_378' title='bbox 1560 2764 1650 2819; x_wconf 87' lang='lat' dir='ltr'><strong>etiam</strong></span> <span class='ocrx_word' id='word_1_379' title='bbox 1664 2773 1757 2819; x_wconf 82' lang='lat' dir='ltr'><strong>ctaca·</strong></span> 
     </span>
     <span class='ocr_line' id='line_1_30' title="bbox 124 2849 1754 2926; baseline -0.001 -17"><span class='ocrx_word' id='word_1_380' title='bbox 124 2861 188 2909; x_wconf 92' lang='lat' dir='ltr'><strong>cat:</strong></span> <span class='ocrx_word' id='word_1_381' title='bbox 206 2855 274 2908; x_wconf 86' lang='lat' dir='ltr'><strong>nihil</strong></span> <span class='ocrx_word' id='word_1_382' title='bbox 287 2853 433 2926; x_wconf 86' lang='lat' dir='ltr'><strong>promittat</strong></span> <span class='ocrx_word' id='word_1_383' title='bbox 447 2853 638 2907; x_wconf 81' lang='lat' dir='ltr'><strong>Inhonestum.</strong></span> <span class='ocrx_word' id='word_1_384' title='bbox 660 2853 698 2906; x_wconf 85' lang='lat' dir='ltr'><strong>m</strong></span> <span class='ocrx_word' id='word_1_385' title='bbox 712 2851 735 2905; x_wconf 91' lang='lat' dir='ltr'><strong>si</strong></span> <span class='ocrx_word' id='word_1_386' title='bbox 751 2849 920 2923; x_wconf 86' lang='lat' dir='ltr'><strong>promiserit,</strong></span> <span class='ocrx_word' id='word_1_387' title='bbox 964 2852 1131 2908; x_wconf 87' lang='lat' dir='ltr'><strong>tholicorum</strong></span> <span class='ocrx_word' id='word_1_388' title='bbox 1143 2852 1266 2907; x_wconf 84' lang='lat' dir='ltr'><strong>convivio</strong></span> <span class='ocrx_word' id='word_1_389' title='bbox 1280 2857 1436 2923; x_wconf 87' lang='lat' dir='ltr'><strong>separetur.</strong></span> <span class='ocrx_word' id='word_1_390' title='bbox 1459 2853 1543 2916; x_wconf 85' lang='lat' dir='ltr'><strong>Quod</strong></span> <span class='ocrx_word' id='word_1_391' title='bbox 1554 2855 1578 2908; x_wconf 91' lang='lat' dir='ltr'><strong>si</strong></span> <span class='ocrx_word' id='word_1_392' title='bbox 1589 2855 1637 2908; x_wconf 91' lang='lat' dir='ltr'><strong>cui</strong></span> <span class='ocrx_word' id='word_1_393' title='bbox 1647 2871 1710 2909; x_wconf 86' lang='lat' dir='ltr'><strong>reus</strong></span> <span class='ocrx_word' id='word_1_394' title='bbox 1722 2860 1754 2907; x_wconf 86' lang='lat' dir='ltr'><strong>est</strong></span> 
     </span>
     <span class='ocr_line' id='line_1_31' title="bbox 124 2939 1753 3014; baseline 0 -18"><span class='ocrx_word' id='word_1_395' title='bbox 124 2942 354 2997; x_wconf 84' lang='lat' dir='ltr'><strong>tolerabilIusost</strong></span> <span class='ocrx_word' id='word_1_396' title='bbox 369 2941 536 3012; x_wconf 85' lang='lat' dir='ltr'><strong>prornissnm</strong></span> <span class='ocrx_word' id='word_1_397' title='bbox 557 2958 613 2996; x_wconf 88' lang='lat' dir='ltr'><strong>non</strong></span> <span class='ocrx_word' id='word_1_398' title='bbox 628 2941 729 3002; x_wconf 79' lang='lat' dir='ltr'><strong>facere,</strong></span> <span class='ocrx_word' id='word_1_399' title='bbox 737 2956 822 3011; x_wconf 90' lang='lat' dir='ltr'><strong>quam</strong></span> <span class='ocrx_word' id='word_1_400' title='bbox 830 2939 922 2993; x_wconf 88' lang='lat' dir='ltr'><strong>facere</strong></span> <span class='ocrx_word' id='word_1_401' title='bbox 964 2941 1086 2996; x_wconf 90' lang='lat' dir='ltr'><strong>noluerit</strong></span> <span class='ocrx_word' id='word_1_402' title='bbox 1108 2939 1161 2995; x_wconf 90' lang='lat' dir='ltr'><strong>sibi</strong></span> <span class='ocrx_word' id='word_1_403' title='bbox 1187 2940 1342 2994; x_wconf 83' lang='lat' dir='ltr'><strong>intentione</strong></span> <span class='ocrx_word' id='word_1_404' title='bbox 1365 2941 1486 2996; x_wconf 87' lang='lat' dir='ltr'><strong>faciente</strong></span> <span class='ocrx_word' id='word_1_405' title='bbox 1505 2943 1652 3014; x_wconf 87' lang='lat' dir='ltr'><strong>componi,</strong></span> <span class='ocrx_word' id='word_1_406' title='bbox 1667 2943 1753 3014; x_wconf 76' lang='lat' dir='ltr'><strong>etipse</strong></span> 
     </span>
     <span class='ocr_line' id='line_1_32' title="bbox 125 3028 1751 3102; baseline 0.001 -18"><span class='ocrx_word' id='word_1_407' title='bbox 125 3032 196 3102; x_wconf 83' lang='lat' dir='ltr'><strong>qnml</strong></span> <span class='ocrx_word' id='word_1_408' title='bbox 214 3038 296 3101; x_wconf 91' lang='lat' dir='ltr'><strong>turpe</strong></span> <span class='ocrx_word' id='word_1_409' title='bbox 308 3031 352 3084; x_wconf 88' lang='lat' dir='ltr'><strong>sit.</strong></span> <span class='ocrx_word' id='word_1_410' title='bbox 366 3033 443 3101; x_wconf 80' lang='lat' dir='ltr'><strong>Scope</strong></span> <span class='ocrx_word' id='word_1_411' title='bbox 458 3030 584 3100; x_wconf 85' lang='lat' dir='ltr'><strong>plerique</strong></span> <span class='ocrx_word' id='word_1_412' title='bbox 607 3030 803 3098; x_wconf 84' lang='lat' dir='ltr'><strong>constriugunt</strong></span> <span class='ocrx_word' id='word_1_413' title='bbox 817 3028 951 3099; x_wconf 75' lang='lat' dir='ltr'><strong>seipsosc</strong></span> <span class='ocrx_word' id='word_1_414' title='bbox 962 3048 1027 3085; x_wconf 88' lang='lat' dir='ltr'><strong>reus</strong></span> <span class='ocrx_word' id='word_1_415' title='bbox 1041 3031 1076 3085; x_wconf 87' lang='lat' dir='ltr'><strong>dc</strong></span> <span class='ocrx_word' id='word_1_416' title='bbox 1091 3029 1208 3083; x_wconf 87' lang='lat' dir='ltr'><strong>ccclesia</strong></span> <span class='ocrx_word' id='word_1_417' title='bbox 1221 3034 1299 3083; x_wconf 89' lang='lat' dir='ltr'><strong>actus</strong></span> <span class='ocrx_word' id='word_1_418' title='bbox 1319 3030 1423 3084; x_wconf 89' lang='lat' dir='ltr'><strong>timore</strong></span> <span class='ocrx_word' id='word_1_419' title='bbox 1442 3030 1617 3095; x_wconf 80' lang='lat' dir='ltr'><strong>discesserit,</strong></span> <span class='ocrx_word' id='word_1_420' title='bbox 1635 3032 1671 3087; x_wconf 90' lang='lat' dir='ltr'><strong>ab</strong></span> <span class='ocrx_word' id='word_1_421' title='bbox 1683 3032 1751 3086; x_wconf 84' lang='lat' dir='ltr'><strong>ecclc·</strong></span> 
     </span>
     <span class='ocr_line' id='line_1_33' title="bbox 123 3117 1365 3189; baseline -0.001 -17"><span class='ocrx_word' id='word_1_422' title='bbox 123 3119 311 3189; x_wconf 88' lang='lat' dir='ltr'><strong>jurisjurandi</strong></span> <span class='ocrx_word' id='word_1_423' title='bbox 337 3124 512 3173; x_wconf 86' lang='lat' dir='ltr'><strong>sacramento</strong></span> <span class='ocrx_word' id='word_1_424' title='bbox 530 3136 535 3170; x_wconf 77' lang='grc' dir='ltr'><strong><em>ε</em></strong></span> <span class='ocrx_word' id='word_1_425' title='bbox 553 3124 582 3171; x_wconf 91' lang='lat' dir='ltr'><strong>et</strong></span> <span class='ocrx_word' id='word_1_426' title='bbox 594 3135 657 3171; x_wconf 85' lang='lat' dir='ltr'><strong>rum</strong></span> <span class='ocrx_word' id='word_1_427' title='bbox 674 3118 725 3188; x_wconf 90' lang='lat' dir='ltr'><strong>ipsi</strong></span> <span class='ocrx_word' id='word_1_428' title='bbox 741 3117 922 3187; x_wconf 77' lang='lat' dir='ltr'><strong>cognoverint</strong></span> <span class='ocrx_word' id='word_1_429' title='bbox 962 3120 1010 3173; x_wconf 74' lang='lat' dir='ltr'><strong>siae</strong></span> <span class='ocrx_word' id='word_1_430' title='bbox 1020 3118 1127 3172; x_wconf 88' lang='lat' dir='ltr'><strong>clericis</strong></span> <span class='ocrx_word' id='word_1_431' title='bbox 1143 3134 1199 3172; x_wconf 92' lang='lat' dir='ltr'><strong>non</strong></span> <span class='ocrx_word' id='word_1_432' title='bbox 1214 3124 1365 3188; x_wconf 69' lang='lat' dir='ltr'><strong>quaeratur.</strong></span> 
     </span>
    </p>

    <p class='ocr_par' dir='ltr' id='par_1_6' title="bbox 122 3207 1749 4253">
     <span class='ocr_line' id='line_1_34' title="bbox 125 3207 1749 3280; baseline 0.001 -20"><span class='ocrx_word' id='word_1_433' title='bbox 125 3208 346 3278; x_wconf 86' lang='lat' dir='ltr'><strong>promittendum</strong></span> <span class='ocrx_word' id='word_1_434' title='bbox 359 3224 414 3261; x_wconf 90' lang='lat' dir='ltr'><strong>non</strong></span> <span class='ocrx_word' id='word_1_435' title='bbox 429 3207 740 3262; x_wconf 82' lang='lat' dir='ltr'><strong>fuissosacramentum.</strong></span> <span class='ocrx_word' id='word_1_436' title='bbox 750 3211 847 3259; x_wconf 86' lang='lat' dir='ltr'><strong>tamen</strong></span> <span class='ocrx_word' id='word_1_437' title='bbox 859 3221 923 3258; x_wconf 93' lang='lat' dir='ltr'><strong>con·</strong></span> <span class='ocrx_word' id='word_1_438' title='bbox 1000 3209 1070 3262; x_wconf 88' lang='lat' dir='ltr'><strong>Item</strong></span> <span class='ocrx_word' id='word_1_439' title='bbox 1082 3207 1111 3261; x_wconf 86' lang='lat' dir='ltr'><strong>iu</strong></span> <span class='ocrx_word' id='word_1_440' title='bbox 1135 3207 1232 3261; x_wconf 89' lang='lat' dir='ltr'><strong>eodem</strong></span> <span class='ocrx_word' id='word_1_441' title='bbox 1246 3207 1373 3267; x_wconf 80' lang='lat' dir='ltr'><strong>concilio,</strong></span> <span class='ocrx_word' id='word_1_442' title='bbox 1389 3224 1450 3278; x_wconf 89' lang='lat' dir='ltr'><strong>cap.</strong></span> <span class='ocrx_word' id='word_1_443' title='bbox 1467 3207 1494 3270; x_wconf 71' lang='lat' dir='ltr'><strong>f,</strong></span> <span class='ocrx_word' id='word_1_444' title='bbox 1517 3209 1659 3280; x_wconf 90' lang='lat' dir='ltr'><strong>scriptum</strong></span> <span class='ocrx_word' id='word_1_445' title='bbox 1676 3215 1715 3264; x_wconf 88' lang='lat' dir='ltr'><strong>ost</strong></span> <span class='ocrx_word' id='word_1_446' title='bbox 1725 3208 1749 3262; x_wconf 85' lang='lat' dir='ltr'><strong>de</strong></span> 
     </span>
     <span class='ocr_line' id='line_1_35' title="bbox 125 3294 1749 3368; baseline -0.001 -17"><span class='ocrx_word' id='word_1_447' title='bbox 125 3297 310 3367; x_wconf 87' lang='lat' dir='ltr'><strong>templationc</strong></span> <span class='ocrx_word' id='word_1_448' title='bbox 325 3296 430 3350; x_wconf 87' lang='lat' dir='ltr'><strong>faciant</strong></span> <span class='ocrx_word' id='word_1_449' title='bbox 449 3296 522 3366; x_wconf 90' lang='lat' dir='ltr'><strong>quod</strong></span> <span class='ocrx_word' id='word_1_450' title='bbox 549 3295 767 3366; x_wconf 82' lang='lat' dir='ltr'><strong>spoponderunt.</strong></span> <span class='ocrx_word' id='word_1_451' title='bbox 797 3294 923 3349; x_wconf 86' lang='lat' dir='ltr'><strong>Sicutde</strong></span> <span class='ocrx_word' id='word_1_452' title='bbox 965 3296 1132 3367; x_wconf 88' lang='lat' dir='ltr'><strong>raptoribus,</strong></span> <span class='ocrx_word' id='word_1_453' title='bbox 1153 3296 1177 3349; x_wconf 89' lang='lat' dir='ltr'><strong>si</strong></span> <span class='ocrx_word' id='word_1_454' title='bbox 1195 3295 1229 3349; x_wconf 91' lang='lat' dir='ltr'><strong>ad</strong></span> <span class='ocrx_word' id='word_1_455' title='bbox 1244 3296 1391 3350; x_wconf 90' lang='lat' dir='ltr'><strong>ecclesiam</strong></span> <span class='ocrx_word' id='word_1_456' title='bbox 1406 3297 1606 3367; x_wconf 83' lang='lat' dir='ltr'><strong>confugerint:</strong></span> <span class='ocrx_word' id='word_1_457' title='bbox 1624 3299 1749 3368; x_wconf 81' lang='lat' dir='ltr'><strong>Derapto</strong></span> 
     </span>
     <span class='ocr_line' id='line_1_36' title="bbox 125 3382 1748 3454; baseline -0.001 -16"><span class='ocrx_word' id='word_1_458' title='bbox 125 3385 236 3439; x_wconf 88' lang='lat' dir='ltr'><strong>Herode</strong></span> <span class='ocrx_word' id='word_1_459' title='bbox 251 3401 337 3454; x_wconf 89' lang='lat' dir='ltr'><strong>snpra</strong></span> <span class='ocrx_word' id='word_1_460' title='bbox 356 3384 528 3454; x_wconf 76' lang='lat' dir='ltr'><strong>scrIpsimus,</strong></span> <span class='ocrx_word' id='word_1_461' title='bbox 552 3383 599 3454; x_wconf 91' lang='lat' dir='ltr'><strong>qui</strong></span> <span class='ocrx_word' id='word_1_462' title='bbox 628 3383 762 3436; x_wconf 79' lang='lat' dir='ltr'><strong>saltrrtrici</strong></span> <span class='ocrx_word' id='word_1_463' title='bbox 777 3382 923 3453; x_wconf 70' lang='lat' dir='ltr'><strong>praemium</strong></span> <span class='ocrx_word' id='word_1_464' title='bbox 965 3385 1042 3439; x_wconf 88' lang='lat' dir='ltr'><strong>ribus</strong></span> <span class='ocrx_word' id='word_1_465' title='bbox 1056 3390 1151 3440; x_wconf 86' lang='lat' dir='ltr'><strong>autem</strong></span> <span class='ocrx_word' id='word_1_466' title='bbox 1166 3384 1194 3438; x_wconf 93' lang='lat' dir='ltr'><strong>id</strong></span> <span class='ocrx_word' id='word_1_467' title='bbox 1207 3384 1434 3439; x_wconf 89' lang='lat' dir='ltr'><strong>constituendum</strong></span> <span class='ocrx_word' id='word_1_468' title='bbox 1450 3403 1513 3440; x_wconf 87' lang='lat' dir='ltr'><strong>esse</strong></span> <span class='ocrx_word' id='word_1_469' title='bbox 1526 3384 1748 3451; x_wconf 81' lang='lat' dir='ltr'><strong>censuimusutsi</strong></span> 
     </span>
     <span class='ocr_line' id='line_1_37' title="bbox 124 3471 1747 3545; baseline 0.001 -19"><span class='ocrx_word' id='word_1_470' title='bbox 124 3473 247 3543; x_wconf 87' lang='lat' dir='ltr'><strong>turpiter</strong></span> <span class='ocrx_word' id='word_1_471' title='bbox 271 3472 410 3543; x_wconf 82' lang='lat' dir='ltr'><strong>promisit,</strong></span> <span class='ocrx_word' id='word_1_472' title='bbox 440 3471 592 3526; x_wconf 83' lang='lat' dir='ltr'><strong>crudeliter</strong></span> <span class='ocrx_word' id='word_1_473' title='bbox 613 3471 693 3524; x_wconf 75' lang='lat' dir='ltr'><strong>solvit</strong></span> <span class='ocrx_word' id='word_1_474' title='bbox 720 3472 826 3538; x_wconf 76' lang='lat' dir='ltr'><strong>(ifuttlr.</strong></span> <span class='ocrx_word' id='word_1_475' title='bbox 852 3474 920 3538; x_wconf 76' lang='lat' dir='ltr'><strong>xri&#39;).</strong></span> <span class='ocrx_word' id='word_1_476' title='bbox 965 3474 998 3528; x_wconf 90' lang='lat' dir='ltr'><strong>ad</strong></span> <span class='ocrx_word' id='word_1_477' title='bbox 1018 3473 1166 3528; x_wconf 89' lang='lat' dir='ltr'><strong>ecclesiam</strong></span> <span class='ocrx_word' id='word_1_478' title='bbox 1177 3479 1350 3545; x_wconf 89' lang='lat' dir='ltr'><strong>raptorcnm</strong></span> <span class='ocrx_word' id='word_1_479' title='bbox 1366 3479 1449 3544; x_wconf 87' lang='lat' dir='ltr'><strong>rapta</strong></span> <span class='ocrx_word' id='word_1_480' title='bbox 1466 3475 1747 3540; x_wconf 68' lang='lat' dir='ltr'><strong>convenentctfcmi·</strong></span> 
     </span>
     <span class='ocr_line' id='line_1_38' title="bbox 123 3559 1747 3635; baseline 0.001 -20"><span class='ocrx_word' id='word_1_481' title='bbox 123 3562 216 3632; x_wconf 90' lang='lat' dir='ltr'><strong>Turpe</strong></span> <span class='ocrx_word' id='word_1_482' title='bbox 228 3561 303 3631; x_wconf 90' lang='lat' dir='ltr'><strong>quod</strong></span> <span class='ocrx_word' id='word_1_483' title='bbox 312 3577 431 3631; x_wconf 88' lang='lat' dir='ltr'><strong>reguum</strong></span> <span class='ocrx_word' id='word_1_484' title='bbox 443 3577 493 3631; x_wconf 90' lang='lat' dir='ltr'><strong>pro</strong></span> <span class='ocrx_word' id='word_1_485' title='bbox 504 3561 653 3614; x_wconf 86' lang='lat' dir='ltr'><strong>saltatione</strong></span> <span class='ocrx_word' id='word_1_486' title='bbox 665 3559 853 3630; x_wconf 90' lang='lat' dir='ltr'><strong>promittitur:</strong></span> <span class='ocrx_word' id='word_1_487' title='bbox 862 3575 923 3614; x_wconf 90' lang='lat' dir='ltr'><strong>cru·</strong></span> <span class='ocrx_word' id='word_1_488' title='bbox 964 3579 1031 3618; x_wconf 87' lang='lat' dir='ltr'><strong>nam</strong></span> <span class='ocrx_word' id='word_1_489' title='bbox 1046 3564 1136 3635; x_wconf 88' lang='lat' dir='ltr'><strong>ipsam</strong></span> <span class='ocrx_word' id='word_1_490' title='bbox 1152 3562 1315 3617; x_wconf 83' lang='lat' dir='ltr'><strong>rIoIcntiam</strong></span> <span class='ocrx_word' id='word_1_491' title='bbox 1330 3564 1481 3634; x_wconf 88' lang='lat' dir='ltr'><strong>pertulisse</strong></span> <span class='ocrx_word' id='word_1_492' title='bbox 1493 3564 1747 3632; x_wconf 80' lang='lat' dir='ltr'><strong>constiterit,statim</strong></span> 
     </span>
     <span class='ocr_line' id='line_1_39' title="bbox 123 3648 1747 3726; baseline 0.001 -22"><span class='ocrx_word' id='word_1_493' title='bbox 123 3650 194 3717; x_wconf 85' lang='lat' dir='ltr'><strong>dele,</strong></span> <span class='ocrx_word' id='word_1_494' title='bbox 203 3650 508 3721; x_wconf 76' lang='lat' dir='ltr'><strong>quodmorsproplrctrc</strong></span> <span class='ocrx_word' id='word_1_495' title='bbox 522 3666 572 3720; x_wconf 89' lang='lat' dir='ltr'><strong>pro</strong></span> <span class='ocrx_word' id='word_1_496' title='bbox 585 3649 772 3719; x_wconf 74' lang='lat' dir='ltr'><strong>Jurisjurandi</strong></span> <span class='ocrx_word' id='word_1_497' title='bbox 788 3648 923 3718; x_wconf 81' lang='lat' dir='ltr'><strong>religione</strong></span> <span class='ocrx_word' id='word_1_498' title='bbox 964 3651 1099 3706; x_wconf 89' lang='lat' dir='ltr'><strong>liberetur</strong></span> <span class='ocrx_word' id='word_1_499' title='bbox 1109 3651 1143 3706; x_wconf 90' lang='lat' dir='ltr'><strong>de</strong></span> <span class='ocrx_word' id='word_1_500' title='bbox 1156 3656 1293 3724; x_wconf 85' lang='lat' dir='ltr'><strong>potestate</strong></span> <span class='ocrx_word' id='word_1_501' title='bbox 1303 3654 1424 3724; x_wconf 87' lang='lat' dir='ltr'><strong>raptoris</strong></span> <span class='ocrx_word' id='word_1_502' title='bbox 1438 3671 1443 3706; x_wconf 91' lang='lat'>:</span> <span class='ocrx_word' id='word_1_503' title='bbox 1461 3660 1490 3707; x_wconf 89' lang='lat' dir='ltr'><strong>et</strong></span> <span class='ocrx_word' id='word_1_504' title='bbox 1500 3660 1601 3726; x_wconf 90' lang='lat' dir='ltr'><strong>raptor</strong></span> <span class='ocrx_word' id='word_1_505' title='bbox 1614 3654 1705 3710; x_wconf 88' lang='lat' dir='ltr'><strong>mortis</strong></span> <span class='ocrx_word' id='word_1_506' title='bbox 1716 3652 1747 3707; x_wconf 84' lang='lat' dir='ltr'><strong>rel</strong></span> 
     </span>
     <span class='ocr_line' id='line_1_40' title="bbox 122 3737 1746 3813; baseline 0.002 -21"><span class='ocrx_word' id='word_1_507' title='bbox 122 3739 258 3793; x_wconf 90' lang='lat' dir='ltr'><strong>donatur!</strong></span> <span class='ocrx_word' id='word_1_508' title='bbox 269 3739 380 3803; x_wconf 88' lang='lat' dir='ltr'><strong>Quanto</strong></span> <span class='ocrx_word' id='word_1_509' title='bbox 388 3737 563 3792; x_wconf 87' lang='lat' dir='ltr'><strong>tolerabilius</strong></span> <span class='ocrx_word' id='word_1_510' title='bbox 573 3738 630 3791; x_wconf 85' lang='lat' dir='ltr'><strong>tale</strong></span> <span class='ocrx_word' id='word_1_511' title='bbox 644 3737 742 3792; x_wconf 87' lang='lat' dir='ltr'><strong>fuisset</strong></span> <span class='ocrx_word' id='word_1_512' title='bbox 756 3737 920 3808; x_wconf 88' lang='lat' dir='ltr'><strong>perjurium,</strong></span> <span class='ocrx_word' id='word_1_513' title='bbox 964 3757 1110 3812; x_wconf 72' lang='lat' dir='ltr'><strong>pinnarum</strong></span> <span class='ocrx_word' id='word_1_514' title='bbox 1122 3740 1289 3812; x_wconf 85' lang='lat' dir='ltr'><strong>impunitate</strong></span> <span class='ocrx_word' id='word_1_515' title='bbox 1297 3743 1746 3813; x_wconf 71' lang='lat' dir='ltr'><strong>concessamdserriendumsubje</strong></span> 
     </span>
     <span class='ocr_line' id='line_1_41' title="bbox 123 3826 1744 3898; baseline 0.002 -18"><span class='ocrx_word' id='word_1_516' title='bbox 123 3833 311 3882; x_wconf 87' lang='lat' dir='ltr'><strong>sacramento.</strong></span> <span class='ocrx_word' id='word_1_517' title='bbox 329 3828 363 3881; x_wconf 88' lang='lat' dir='ltr'><strong>Et</strong></span> <span class='ocrx_word' id='word_1_518' title='bbox 386 3832 451 3898; x_wconf 91' lang='lat' dir='ltr'><strong>post</strong></span> <span class='ocrx_word' id='word_1_519' title='bbox 474 3843 562 3897; x_wconf 87' lang='lat' dir='ltr'><strong>pauca</strong></span> <span class='ocrx_word' id='word_1_520' title='bbox 576 3826 610 3879; x_wconf 90' lang='lat' dir='ltr'><strong>de</strong></span> <span class='ocrx_word' id='word_1_521' title='bbox 635 3827 735 3897; x_wconf 90' lang='lat' dir='ltr'><strong>Jephte</strong></span> <span class='ocrx_word' id='word_1_522' title='bbox 750 3826 921 3891; x_wconf 66' lang='lat' dir='ltr'><strong>discernens</strong></span> <span class='ocrx_word' id='word_1_523' title='bbox 964 3836 1025 3884; x_wconf 88' lang='lat' dir='ltr'><strong>ctus</strong></span> <span class='ocrx_word' id='word_1_524' title='bbox 1040 3828 1304 3896; x_wconf 89' lang='lat' dir='ltr'><strong>sit,autredimendi</strong></span> <span class='ocrx_word' id='word_1_525' title='bbox 1315 3830 1744 3888; x_wconf 83' lang='lat' dir='ltr'><strong>seliberamlrabeatfacultaten.</strong></span> 
     </span>
     <span class='ocr_line' id='line_1_42' title="bbox 122 3914 1744 3990; baseline 0.001 -19"><span class='ocrx_word' id='word_1_526' title='bbox 122 3914 923 3986; x_wconf 80' lang='lat' dir='ltr'><strong>Miserabilisnecessitas,qumsolviturparrIcidioillclius</strong></span> <span class='ocrx_word' id='word_1_527' title='bbox 965 3919 994 3974; x_wconf 89' lang='lat' dir='ltr'><strong>Si</strong></span> <span class='ocrx_word' id='word_1_528' title='bbox 1009 3935 1146 3990; x_wconf 82' lang='lat' dir='ltr'><strong>veroquae</strong></span> <span class='ocrx_word' id='word_1_529' title='bbox 1162 3919 1272 3989; x_wconf 87' lang='lat' dir='ltr'><strong>rapitur</strong></span> <span class='ocrx_word' id='word_1_530' title='bbox 1286 3926 1396 3990; x_wconf 90' lang='lat' dir='ltr'><strong>patrem</strong></span> <span class='ocrx_word' id='word_1_531' title='bbox 1422 3920 1528 3975; x_wconf 87' lang='lat' dir='ltr'><strong>babere</strong></span> <span class='ocrx_word' id='word_1_532' title='bbox 1555 3923 1712 3981; x_wconf 84' lang='lat' dir='ltr'><strong>constiterit</strong></span> <span class='ocrx_word' id='word_1_533' title='bbox 1724 3927 1744 3974; x_wconf 87' lang='lat' dir='ltr'><strong>et</strong></span> 
     </span>
     <span class='ocr_line' id='line_1_43' title="bbox 123 4003 1744 4082; baseline 0.003 -24"><span class='ocrx_word' id='word_1_534' title='bbox 123 4011 167 4059; x_wconf 91' lang='lat' dir='ltr'><strong>est</strong></span> <span class='ocrx_word' id='word_1_535' title='bbox 181 4021 237 4059; x_wconf 92' lang='lat' dir='ltr'><strong>non</strong></span> <span class='ocrx_word' id='word_1_536' title='bbox 249 4022 347 4058; x_wconf 82' lang='lat' dir='ltr'><strong>vovere</strong></span> <span class='ocrx_word' id='word_1_537' title='bbox 359 4005 387 4058; x_wconf 92' lang='lat' dir='ltr'><strong>id</strong></span> <span class='ocrx_word' id='word_1_538' title='bbox 400 4005 473 4075; x_wconf 91' lang='lat' dir='ltr'><strong>quod</strong></span> <span class='ocrx_word' id='word_1_539' title='bbox 498 4003 552 4057; x_wconf 88' lang='lat' dir='ltr'><strong>sibi</strong></span> <span class='ocrx_word' id='word_1_540' title='bbox 571 4005 595 4058; x_wconf 88' lang='lat' dir='ltr'><strong>is</strong></span> <span class='ocrx_word' id='word_1_541' title='bbox 611 4004 656 4058; x_wconf 93' lang='lat' dir='ltr'><strong>cui</strong></span> <span class='ocrx_word' id='word_1_542' title='bbox 666 4003 840 4075; x_wconf 90' lang='lat' dir='ltr'><strong>promittitur</strong></span> <span class='ocrx_word' id='word_1_543' title='bbox 853 4003 925 4058; x_wconf 88' lang='lat' dir='ltr'><strong>nolit</strong></span> <span class='ocrx_word' id='word_1_544' title='bbox 964 4007 1058 4081; x_wconf 89' lang='lat' dir='ltr'><strong>puella</strong></span> <span class='ocrx_word' id='word_1_545' title='bbox 1067 4008 1174 4079; x_wconf 88' lang='lat' dir='ltr'><strong>raptori</strong></span> <span class='ocrx_word' id='word_1_546' title='bbox 1187 4008 1369 4074; x_wconf 89' lang='lat' dir='ltr'><strong>consenserit,</strong></span> <span class='ocrx_word' id='word_1_547' title='bbox 1386 4011 1521 4079; x_wconf 84' lang='lat' dir='ltr'><strong>potestati</strong></span> <span class='ocrx_word' id='word_1_548' title='bbox 1536 4012 1626 4082; x_wconf 89' lang='lat' dir='ltr'><strong>patris</strong></span> <span class='ocrx_word' id='word_1_549' title='bbox 1635 4016 1744 4066; x_wconf 83' lang='lat' dir='ltr'><strong>excusata</strong></span> 
     </span>
     <span class='ocr_line' id='line_1_44' title="bbox 124 4092 1743 4171; baseline 0.002 -25"><span class='ocrx_word' id='word_1_550' title='bbox 124 4093 237 4146; x_wconf 84' lang='lat' dir='ltr'><strong>exsolvi.</strong></span> <span class='ocrx_word' id='word_1_551' title='bbox 250 4094 285 4147; x_wconf 84' lang='lat' dir='ltr'><strong>Et</strong></span> <span class='ocrx_word' id='word_1_552' title='bbox 298 4098 363 4164; x_wconf 87' lang='lat' dir='ltr'><strong>post</strong></span> <span class='ocrx_word' id='word_1_553' title='bbox 376 4093 536 4164; x_wconf 89' lang='lat' dir='ltr'><strong>paululum:</strong></span> <span class='ocrx_word' id='word_1_554' title='bbox 554 4093 616 4147; x_wconf 85' lang='lat' dir='ltr'><strong>Non</strong></span> <span class='ocrx_word' id='word_1_555' title='bbox 636 4109 747 4164; x_wconf 86' lang='lat' dir='ltr'><strong>semper</strong></span> <span class='ocrx_word' id='word_1_556' title='bbox 762 4092 848 4163; x_wconf 88' lang='lat' dir='ltr'><strong>igitur</strong></span> <span class='ocrx_word' id='word_1_557' title='bbox 862 4108 923 4164; x_wconf 90' lang='lat' dir='ltr'><strong>pro·</strong></span> <span class='ocrx_word' id='word_1_558' title='bbox 963 4097 1098 4151; x_wconf 87' lang='lat' dir='ltr'><strong>reddatur</strong></span> <span class='ocrx_word' id='word_1_559' title='bbox 1123 4114 1129 4148; x_wconf 95' lang='lat'><strong>:</strong></span> <span class='ocrx_word' id='word_1_560' title='bbox 1151 4103 1180 4151; x_wconf 90' lang='lat' dir='ltr'><strong>et</strong></span> <span class='ocrx_word' id='word_1_561' title='bbox 1193 4103 1290 4168; x_wconf 87' lang='lat' dir='ltr'><strong>raptor</strong></span> <span class='ocrx_word' id='word_1_562' title='bbox 1304 4114 1321 4151; x_wconf 95' lang='lat' dir='ltr'><strong>a</strong></span> <span class='ocrx_word' id='word_1_563' title='bbox 1334 4104 1414 4169; x_wconf 88' lang='lat' dir='ltr'><strong>patre</strong></span> <span class='ocrx_word' id='word_1_564' title='bbox 1428 4099 1584 4171; x_wconf 88' lang='lat' dir='ltr'><strong>superioris</strong></span> <span class='ocrx_word' id='word_1_565' title='bbox 1598 4098 1743 4156; x_wconf 84' lang='lat' dir='ltr'><strong>conditionis</strong></span> 
     </span>
     <span class='ocr_line' id='line_1_45' title="bbox 124 4180 1450 4253; baseline 0.005 -18"><span class='ocrx_word' id='word_1_566' title='bbox 124 4180 211 4235; x_wconf 87' lang='lat' dir='ltr'><strong>missa</strong></span> <span class='ocrx_word' id='word_1_567' title='bbox 221 4181 353 4236; x_wconf 76' lang='lat' dir='ltr'><strong>solvenda</strong></span> <span class='ocrx_word' id='word_1_568' title='bbox 369 4181 465 4235; x_wconf 87' lang='lat' dir='ltr'><strong>omnia</strong></span> <span class='ocrx_word' id='word_1_569' title='bbox 479 4188 553 4236; x_wconf 89' lang='lat' dir='ltr'><strong>sunt.</strong></span> <span class='ocrx_word' id='word_1_570' title='bbox 566 4182 692 4252; x_wconf 89' lang='lat' dir='ltr'><strong>Denique</strong></span> <span class='ocrx_word' id='word_1_571' title='bbox 706 4182 766 4253; x_wconf 90' lang='lat' dir='ltr'><strong>ipse</strong></span> <span class='ocrx_word' id='word_1_572' title='bbox 775 4182 921 4250; x_wconf 86' lang='lat' dir='ltr'><strong>Dominus,</strong></span> <span class='ocrx_word' id='word_1_573' title='bbox 963 4185 1152 4241; x_wconf 89' lang='lat' dir='ltr'><strong>satisfactione</strong></span> <span class='ocrx_word' id='word_1_574' title='bbox 1161 4191 1293 4242; x_wconf 89' lang='lat' dir='ltr'><strong>teneatur</strong></span> <span class='ocrx_word' id='word_1_575' title='bbox 1306 4186 1450 4242; x_wconf 89' lang='lat' dir='ltr'><strong>obnoxius.</strong></span> 
     </span>
    </p>

    <p class='ocr_par' dir='ltr' id='par_1_7' title="bbox 120 4270 1743 4974">
     <span class='ocr_line' id='line_1_46' title="bbox 122 4270 1742 4371; baseline 0.001 -45"><span class='ocrx_word' id='word_1_576' title='bbox 122 4270 196 4326; x_wconf 85' lang='lat' dir='ltr'><strong>sicut</strong></span> <span class='ocrx_word' id='word_1_577' title='bbox 203 4270 350 4342; x_wconf 87' lang='lat' dir='ltr'><strong>Scriptura</strong></span> <span class='ocrx_word' id='word_1_578' title='bbox 366 4270 481 4335; x_wconf 86' lang='lat' dir='ltr'><strong>iudicat,</strong></span> <span class='ocrx_word' id='word_1_579' title='bbox 490 4270 652 4342; x_wconf 88' lang='lat' dir='ltr'><strong>frequenter</strong></span> <span class='ocrx_word' id='word_1_580' title='bbox 667 4288 746 4325; x_wconf 86' lang='lat' dir='ltr'><strong>suam</strong></span> <span class='ocrx_word' id='word_1_581' title='bbox 757 4277 849 4325; x_wconf 91' lang='lat' dir='ltr'><strong>mutat</strong></span> <span class='ocrx_word' id='word_1_582' title='bbox 857 4287 956 4371; x_wconf 75' lang='lat' dir='ltr'><strong>sen-D</strong></span> <span class='ocrx_word' id='word_1_583' title='bbox 999 4276 1070 4330; x_wconf 89' lang='lat' dir='ltr'><strong>Item</strong></span> <span class='ocrx_word' id='word_1_584' title='bbox 1084 4274 1114 4329; x_wconf 92' lang='lat' dir='ltr'><strong>in</strong></span> <span class='ocrx_word' id='word_1_585' title='bbox 1139 4274 1237 4329; x_wconf 90' lang='lat' dir='ltr'><strong>eodem</strong></span> <span class='ocrx_word' id='word_1_586' title='bbox 1253 4276 1380 4342; x_wconf 88' lang='lat' dir='ltr'><strong>concilio,</strong></span> <span class='ocrx_word' id='word_1_587' title='bbox 1395 4292 1457 4349; x_wconf 87' lang='lat' dir='ltr'><strong>cap.</strong></span> <span class='ocrx_word' id='word_1_588' title='bbox 1473 4276 1501 4346; x_wconf 83' lang='lat'><strong>3,</strong></span> <span class='ocrx_word' id='word_1_589' title='bbox 1522 4280 1659 4351; x_wconf 89' lang='lat' dir='ltr'><strong>scriptum</strong></span> <span class='ocrx_word' id='word_1_590' title='bbox 1671 4283 1708 4333; x_wconf 78' lang='lat' dir='ltr'><strong>est</strong></span> <span class='ocrx_word' id='word_1_591' title='bbox 1717 4275 1742 4329; x_wconf 83' lang='lat' dir='ltr'><strong>de</strong></span> 
     </span>
     <span class='ocr_line' id='line_1_47' title="bbox 120 4360 1743 4437; baseline 0.002 -23"><span class='ocrx_word' id='word_1_592' title='bbox 120 4360 249 4414; x_wconf 87' lang='lat' dir='ltr'><strong>tentiam.</strong></span> <span class='ocrx_word' id='word_1_593' title='bbox 265 4360 316 4413; x_wconf 81' lang='lat' dir='ltr'><strong>Vir</strong></span> <span class='ocrx_word' id='word_1_594' title='bbox 329 4376 440 4431; x_wconf 90' lang='lat' dir='ltr'><strong>quoque</strong></span> <span class='ocrx_word' id='word_1_595' title='bbox 453 4360 833 4430; x_wconf 76' lang='lat' dir='ltr'><strong>sarrctissImusdngustinus,</strong></span> <span class='ocrx_word' id='word_1_596' title='bbox 848 4360 923 4415; x_wconf 86' lang='lat' dir='ltr'><strong>inre·</strong></span> <span class='ocrx_word' id='word_1_597' title='bbox 963 4362 1058 4427; x_wconf 79' lang='lat' dir='ltr'><strong>servis,</strong></span> <span class='ocrx_word' id='word_1_598' title='bbox 1075 4364 1098 4418; x_wconf 91' lang='lat' dir='ltr'><strong>si</strong></span> <span class='ocrx_word' id='word_1_599' title='bbox 1114 4364 1149 4418; x_wconf 88' lang='lat' dir='ltr'><strong>ad</strong></span> <span class='ocrx_word' id='word_1_600' title='bbox 1173 4364 1318 4419; x_wconf 87' lang='lat' dir='ltr'><strong>ecclesiam</strong></span> <span class='ocrx_word' id='word_1_601' title='bbox 1334 4367 1512 4437; x_wconf 86' lang='lat' dir='ltr'><strong>confugerint</strong></span> <span class='ocrx_word' id='word_1_602' title='bbox 1533 4386 1539 4421; x_wconf 94' lang='lat'>:</span> <span class='ocrx_word' id='word_1_603' title='bbox 1556 4369 1657 4424; x_wconf 74' lang='lat' dir='ltr'><strong>Servus</strong></span> <span class='ocrx_word' id='word_1_604' title='bbox 1681 4368 1701 4421; x_wconf 84' lang='lat' dir='ltr'><strong>si</strong></span> <span class='ocrx_word' id='word_1_605' title='bbox 1717 4363 1743 4418; x_wconf 88' lang='lat' dir='ltr'><strong>ad</strong></span> 
     </span>
     <span class='ocr_line' id='line_1_48' title="bbox 121 4449 1743 4528; baseline 0.001 -25"><span class='ocrx_word' id='word_1_606' title='bbox 121 4449 415 4520; x_wconf 85' lang='lat' dir='ltr'><strong>stigationisacumiuc</strong></span> <span class='ocrx_word' id='word_1_607' title='bbox 425 4457 524 4507; x_wconf 86' lang='lat' dir='ltr'><strong>acutus</strong></span> <span class='ocrx_word' id='word_1_608' title='bbox 536 4469 542 4504; x_wconf 93' lang='lat'>:</span> <span class='ocrx_word' id='word_1_609' title='bbox 557 4451 718 4506; x_wconf 88' lang='lat' dir='ltr'><strong>Inrenicndi</strong></span> <span class='ocrx_word' id='word_1_610' title='bbox 729 4451 823 4505; x_wconf 90' lang='lat' dir='ltr'><strong>aditus</strong></span> <span class='ocrx_word' id='word_1_611' title='bbox 833 4456 920 4522; x_wconf 87' lang='lat' dir='ltr'><strong>patet,</strong></span> <span class='ocrx_word' id='word_1_612' title='bbox 964 4453 1110 4507; x_wconf 88' lang='lat' dir='ltr'><strong>ecclesiam</strong></span> <span class='ocrx_word' id='word_1_613' title='bbox 1120 4453 1278 4525; x_wconf 86' lang='lat' dir='ltr'><strong>confugerit</strong></span> <span class='ocrx_word' id='word_1_614' title='bbox 1286 4471 1335 4525; x_wconf 91' lang='lat' dir='ltr'><strong>pro</strong></span> <span class='ocrx_word' id='word_1_615' title='bbox 1346 4455 1472 4525; x_wconf 90' lang='lat' dir='ltr'><strong>qualibet</strong></span> <span class='ocrx_word' id='word_1_616' title='bbox 1480 4457 1573 4528; x_wconf 90' lang='lat' dir='ltr'><strong>culpa,</strong></span> <span class='ocrx_word' id='word_1_617' title='bbox 1581 4458 1605 4512; x_wconf 91' lang='lat' dir='ltr'><strong>si</strong></span> <span class='ocrx_word' id='word_1_618' title='bbox 1620 4476 1637 4512; x_wconf 91' lang='lat' dir='ltr'><strong>a</strong></span> <span class='ocrx_word' id='word_1_619' title='bbox 1649 4456 1743 4512; x_wconf 88' lang='lat' dir='ltr'><strong>domino</strong></span> 
     </span>
     <span class='ocr_line' id='line_1_49' title="bbox 122 4538 1743 4618; baseline 0.004 -28"><span class='ocrx_word' id='word_1_620' title='bbox 122 4538 233 4591; x_wconf 82' lang='lat' dir='ltr'><strong>minora</strong></span> <span class='ocrx_word' id='word_1_621' title='bbox 247 4555 359 4610; x_wconf 85' lang='lat' dir='ltr'><strong>semper</strong></span> <span class='ocrx_word' id='word_1_622' title='bbox 385 4540 537 4609; x_wconf 87' lang='lat' dir='ltr'><strong>eligantur.</strong></span> <span class='ocrx_word' id='word_1_623' title='bbox 565 4541 638 4605; x_wconf 86' lang='lat' dir='ltr'><strong>Quia</strong></span> <span class='ocrx_word' id='word_1_624' title='bbox 658 4546 688 4594; x_wconf 90' lang='lat' dir='ltr'><strong>ct</strong></span> <span class='ocrx_word' id='word_1_625' title='bbox 712 4540 760 4611; x_wconf 90' lang='lat' dir='ltr'><strong>qui</strong></span> <span class='ocrx_word' id='word_1_626' title='bbox 776 4557 923 4595; x_wconf 90' lang='lat' dir='ltr'><strong>murorum</strong></span> <span class='ocrx_word' id='word_1_627' title='bbox 964 4542 1068 4597; x_wconf 89' lang='lat' dir='ltr'><strong>omissa</strong></span> <span class='ocrx_word' id='word_1_628' title='bbox 1081 4542 1164 4614; x_wconf 91' lang='lat' dir='ltr'><strong>culpa</strong></span> <span class='ocrx_word' id='word_1_629' title='bbox 1188 4550 1395 4600; x_wconf 89' lang='lat' dir='ltr'><strong>sacramentum</strong></span> <span class='ocrx_word' id='word_1_630' title='bbox 1422 4547 1586 4618; x_wconf 83' lang='lat' dir='ltr'><strong>susceperit</strong></span> <span class='ocrx_word' id='word_1_631' title='bbox 1616 4547 1703 4601; x_wconf 87' lang='lat' dir='ltr'><strong>statim</strong></span> <span class='ocrx_word' id='word_1_632' title='bbox 1716 4540 1743 4596; x_wconf 88' lang='lat' dir='ltr'><strong>ad</strong></span> 
     </span>
     <span class='ocr_line' id='line_1_50' title="bbox 122 4625 1742 4708; baseline 0.004 -29"><span class='ocrx_word' id='word_1_633' title='bbox 122 4625 229 4679; x_wconf 90' lang='lat' dir='ltr'><strong>ambitu</strong></span> <span class='ocrx_word' id='word_1_634' title='bbox 244 4642 280 4680; x_wconf 89' lang='lat' dir='ltr'><strong>nc</strong></span> <span class='ocrx_word' id='word_1_635' title='bbox 291 4628 381 4698; x_wconf 82' lang='lat' dir='ltr'><strong>fugiat</strong></span> <span class='ocrx_word' id='word_1_636' title='bbox 394 4629 544 4690; x_wconf 81' lang='lat' dir='ltr'><strong>clauditur,</strong></span> <span class='ocrx_word' id='word_1_637' title='bbox 552 4629 590 4683; x_wconf 89' lang='lat' dir='ltr'><strong>ibi</strong></span> <span class='ocrx_word' id='word_1_638' title='bbox 606 4646 635 4683; x_wconf 91' lang='lat' dir='ltr'><strong>se</strong></span> <span class='ocrx_word' id='word_1_639' title='bbox 651 4630 681 4683; x_wconf 90' lang='lat' dir='ltr'><strong>in</strong></span> <span class='ocrx_word' id='word_1_640' title='bbox 695 4630 791 4700; x_wconf 88' lang='lat' dir='ltr'><strong>fugam</strong></span> <span class='ocrx_word' id='word_1_641' title='bbox 799 4631 923 4702; x_wconf 72' lang='lat' dir='ltr'><strong>praecipi·</strong></span> <span class='ocrx_word' id='word_1_642' title='bbox 964 4631 1109 4686; x_wconf 72' lang='lat' dir='ltr'><strong>seruitium</strong></span> <span class='ocrx_word' id='word_1_643' title='bbox 1124 4632 1231 4686; x_wconf 90' lang='lat' dir='ltr'><strong>domini</strong></span> <span class='ocrx_word' id='word_1_644' title='bbox 1245 4633 1288 4688; x_wconf 89' lang='lat' dir='ltr'><strong>sui</strong></span> <span class='ocrx_word' id='word_1_645' title='bbox 1298 4633 1390 4687; x_wconf 81' lang='lat' dir='ltr'><strong>redIrc</strong></span> <span class='ocrx_word' id='word_1_646' title='bbox 1405 4637 1572 4705; x_wconf 86' lang='lat' dir='ltr'><strong>cogatur.Et</strong></span> <span class='ocrx_word' id='word_1_647' title='bbox 1581 4642 1742 4708; x_wconf 84' lang='lat' dir='ltr'><strong>posteaquam</strong></span> 
     </span>
     <span class='ocr_line' id='line_1_51' title="bbox 124 4716 1741 4795; baseline 0.001 -24"><span class='ocrx_word' id='word_1_648' title='bbox 124 4724 176 4783; x_wconf 87' lang='lat' dir='ltr'><strong>tat,</strong></span> <span class='ocrx_word' id='word_1_649' title='bbox 192 4716 240 4771; x_wconf 90' lang='lat' dir='ltr'><strong>ubi</strong></span> <span class='ocrx_word' id='word_1_650' title='bbox 254 4717 366 4771; x_wconf 87' lang='lat' dir='ltr'><strong>brevior</strong></span> <span class='ocrx_word' id='word_1_651' title='bbox 381 4735 479 4773; x_wconf 89' lang='lat' dir='ltr'><strong>murus</strong></span> <span class='ocrx_word' id='word_1_652' title='bbox 505 4719 655 4773; x_wconf 81' lang='lat' dir='ltr'><strong>iuvenitur.</strong></span> <span class='ocrx_word' id='word_1_653' title='bbox 669 4720 740 4773; x_wconf 90' lang='lat' dir='ltr'><strong>Hinc</strong></span> <span class='ocrx_word' id='word_1_654' title='bbox 756 4725 784 4773; x_wconf 89' lang='lat' dir='ltr'><strong>et</strong></span> <span class='ocrx_word' id='word_1_655' title='bbox 798 4720 922 4775; x_wconf 87' lang='lat' dir='ltr'><strong>Isidorus</strong></span> <span class='ocrx_word' id='word_1_656' title='bbox 963 4720 1029 4774; x_wconf 89' lang='lat' dir='ltr'><strong>dato</strong></span> <span class='ocrx_word' id='word_1_657' title='bbox 1043 4727 1220 4775; x_wconf 85' lang='lat' dir='ltr'><strong>sacramento</strong></span> <span class='ocrx_word' id='word_1_658' title='bbox 1233 4721 1346 4776; x_wconf 88' lang='lat' dir='ltr'><strong>domiuo</strong></span> <span class='ocrx_word' id='word_1_659' title='bbox 1362 4739 1412 4777; x_wconf 90' lang='lat' dir='ltr'><strong>suo</strong></span> <span class='ocrx_word' id='word_1_660' title='bbox 1432 4723 1520 4778; x_wconf 89' lang='lat' dir='ltr'><strong>fuerit</strong></span> <span class='ocrx_word' id='word_1_661' title='bbox 1532 4726 1710 4795; x_wconf 81' lang='lat' dir='ltr'><strong>consignatas,</strong></span> <span class='ocrx_word' id='word_1_662' title='bbox 1723 4719 1741 4773; x_wconf 88' lang='lat' dir='ltr'><strong>si</strong></span> 
     </span>
     <span class='ocr_line' id='line_1_52' title="bbox 123 4806 1741 4884; baseline 0.001 -22"><span class='ocrx_word' id='word_1_663' title='bbox 123 4809 164 4862; x_wconf 88' lang='lat' dir='ltr'><strong>ait</strong></span> <span class='ocrx_word' id='word_1_664' title='bbox 178 4806 379 4864; x_wconf 85' lang='lat' dir='ltr'><strong>:Tolerabilius</strong></span> <span class='ocrx_word' id='word_1_665' title='bbox 395 4814 438 4861; x_wconf 89' lang='lat' dir='ltr'><strong>est</strong></span> <span class='ocrx_word' id='word_1_666' title='bbox 453 4809 529 4863; x_wconf 89' lang='lat' dir='ltr'><strong>enirn</strong></span> <span class='ocrx_word' id='word_1_667' title='bbox 557 4825 612 4862; x_wconf 91' lang='lat' dir='ltr'><strong>non</strong></span> <span class='ocrx_word' id='word_1_668' title='bbox 628 4809 745 4879; x_wconf 82' lang='lat' dir='ltr'><strong>Implere</strong></span> <span class='ocrx_word' id='word_1_669' title='bbox 766 4826 923 4864; x_wconf 84' lang='lat' dir='ltr'><strong>sacmrnen-</strong></span> <span class='ocrx_word' id='word_1_670' title='bbox 964 4809 1071 4881; x_wconf 90' lang='lat' dir='ltr'><strong>aliquid</strong></span> <span class='ocrx_word' id='word_1_671' title='bbox 1085 4826 1173 4880; x_wconf 69' lang='lat' dir='ltr'><strong>paenae</strong></span> <span class='ocrx_word' id='word_1_672' title='bbox 1187 4827 1238 4880; x_wconf 88' lang='lat' dir='ltr'><strong>pro</strong></span> <span class='ocrx_word' id='word_1_673' title='bbox 1251 4811 1349 4865; x_wconf 86' lang='lat' dir='ltr'><strong>eadem</strong></span> <span class='ocrx_word' id='word_1_674' title='bbox 1363 4813 1445 4883; x_wconf 90' lang='lat' dir='ltr'><strong>culpa</strong></span> <span class='ocrx_word' id='word_1_675' title='bbox 1464 4830 1520 4884; x_wconf 74' lang='lat' dir='ltr'><strong>(qua</strong></span> <span class='ocrx_word' id='word_1_676' title='bbox 1533 4819 1678 4869; x_wconf 87' lang='lat' dir='ltr'><strong>excusatur</strong></span> <span class='ocrx_word' id='word_1_677' title='bbox 1692 4827 1741 4882; x_wconf 82' lang='lat' dir='ltr'><strong>pro</strong></span> 
     </span>
     <span class='ocr_line' id='line_1_53' title="bbox 123 4896 1739 4974; baseline -0.001 -22"><span class='ocrx_word' id='word_1_678' title='bbox 123 4902 185 4952; x_wconf 91' lang='lat' dir='ltr'><strong>tum</strong></span> <span class='ocrx_word' id='word_1_679' title='bbox 200 4914 285 4969; x_wconf 90' lang='lat' dir='ltr'><strong>quam</strong></span> <span class='ocrx_word' id='word_1_680' title='bbox 298 4911 464 4967; x_wconf 89' lang='lat' dir='ltr'><strong>permanere</strong></span> <span class='ocrx_word' id='word_1_681' title='bbox 479 4897 507 4951; x_wconf 93' lang='lat' dir='ltr'><strong>in</strong></span> <span class='ocrx_word' id='word_1_682' title='bbox 523 4897 613 4967; x_wconf 87' lang='lat' dir='ltr'><strong>stupri</strong></span> <span class='ocrx_word' id='word_1_683' title='bbox 623 4897 880 4967; x_wconf 79' lang='lat' dir='ltr'><strong>flagitiosnniliter</strong></span> <span class='ocrx_word' id='word_1_684' title='bbox 893 4899 924 4953; x_wconf 91' lang='lat' dir='ltr'><strong>in</strong></span> <span class='ocrx_word' id='word_1_685' title='bbox 964 4896 1046 4952; x_wconf 88' lang='lat' dir='ltr'><strong>batus</strong></span> <span class='ocrx_word' id='word_1_686' title='bbox 1060 4898 1146 4952; x_wconf 89' lang='lat' dir='ltr'><strong>fucrit</strong></span> <span class='ocrx_word' id='word_1_687' title='bbox 1167 4900 1325 4971; x_wconf 88' lang='lat' dir='ltr'><strong>pertulisse,</strong></span> <span class='ocrx_word' id='word_1_688' title='bbox 1344 4917 1394 4971; x_wconf 89' lang='lat' dir='ltr'><strong>pro</strong></span> <span class='ocrx_word' id='word_1_689' title='bbox 1414 4909 1578 4974; x_wconf 91' lang='lat' dir='ltr'><strong>contemptu</strong></span> <span class='ocrx_word' id='word_1_690' title='bbox 1598 4902 1739 4958; x_wconf 80' lang='lat' dir='ltr'><strong>ecclesiast</strong></span> 
     </span>
    </p>

    <p class='ocr_par' dir='ltr' id='par_1_8' title="bbox 124 4985 1737 5058">
     <span class='ocr_line' id='line_1_54' title="bbox 124 4985 1737 5058; baseline 0.001 -18"><span class='ocrx_word' id='word_1_691' title='bbox 124 4986 294 5058; x_wconf 71' lang='lat' dir='ltr'><strong>synonymis</strong></span> <span class='ocrx_word' id='word_1_692' title='bbox 311 5002 316 5036; x_wconf 96' lang='lat'><strong>:</strong></span> <span class='ocrx_word' id='word_1_693' title='bbox 334 4985 365 5038; x_wconf 90' lang='lat' dir='ltr'><strong>In</strong></span> <span class='ocrx_word' id='word_1_694' title='bbox 380 4985 461 5039; x_wconf 87' lang='lat' dir='ltr'><strong>malis</strong></span> <span class='ocrx_word' id='word_1_695' title='bbox 472 4985 618 5056; x_wconf 89' lang='lat' dir='ltr'><strong>promissis</strong></span> <span class='ocrx_word' id='word_1_696' title='bbox 630 4985 757 5039; x_wconf 87' lang='lat' dir='ltr'><strong>rescinde</strong></span> <span class='ocrx_word' id='word_1_697' title='bbox 772 4987 875 5040; x_wconf 88' lang='lat' dir='ltr'><strong>tidem:</strong></span> <span class='ocrx_word' id='word_1_698' title='bbox 894 4987 923 5042; x_wconf 92' lang='lat' dir='ltr'><strong>in</strong></span> <span class='ocrx_word' id='word_1_699' title='bbox 964 4987 1192 5058; x_wconf 66' lang='lat' dir='ltr'><strong>parevaricatione</strong></span> <span class='ocrx_word' id='word_1_700' title='bbox 1202 4989 1277 5054; x_wconf 82' lang='lat' dir='ltr'><strong>adei,</strong></span> <span class='ocrx_word' id='word_1_701' title='bbox 1294 4991 1520 5047; x_wconf 89' lang='lat' dir='ltr'><strong>acommunione</strong></span> <span class='ocrx_word' id='word_1_702' title='bbox 1534 4998 1563 5046; x_wconf 89' lang='lat' dir='ltr'><strong>et</strong></span> <span class='ocrx_word' id='word_1_703' title='bbox 1575 4992 1690 5047; x_wconf 77' lang='lat' dir='ltr'><strong>convivio</strong></span> <span class='ocrx_word' id='word_1_704' title='bbox 1703 5004 1737 5041; x_wconf 84' lang='lat' dir='ltr'><strong>ca·</strong></span> 
     </span>
    </p>

    <p class='ocr_par' dir='ltr' id='par_1_9' title="bbox 124 5073 1736 5152">
     <span class='ocr_line' id='line_1_55' title="bbox 124 5073 1736 5152; baseline 0.001 -23"><span class='ocrx_word' id='word_1_705' title='bbox 124 5076 199 5146; x_wconf 90' lang='lat' dir='ltr'><strong>turpi</strong></span> <span class='ocrx_word' id='word_1_706' title='bbox 220 5080 283 5129; x_wconf 87' lang='lat' dir='ltr'><strong>voto</strong></span> <span class='ocrx_word' id='word_1_707' title='bbox 312 5079 392 5128; x_wconf 84' lang='lat' dir='ltr'><strong>muta</strong></span> <span class='ocrx_word' id='word_1_708' title='bbox 414 5073 558 5128; x_wconf 85' lang='lat' dir='ltr'><strong>decretum</strong></span> <span class='ocrx_word' id='word_1_709' title='bbox 577 5092 582 5126; x_wconf 96' lang='lat'><strong>:</strong></span> <span class='ocrx_word' id='word_1_710' title='bbox 599 5073 673 5144; x_wconf 89' lang='lat' dir='ltr'><strong>quod</strong></span> <span class='ocrx_word' id='word_1_711' title='bbox 688 5073 800 5128; x_wconf 85' lang='lat' dir='ltr'><strong>lncautc</strong></span> <span class='ocrx_word' id='word_1_712' title='bbox 815 5075 921 5143; x_wconf 78' lang='lat' dir='ltr'><strong>revisit,</strong></span> <span class='ocrx_word' id='word_1_713' title='bbox 964 5076 1736 5152; x_wconf 62' lang='lat' dir='ltr'><strong>tholicorum,sicutsnperiuscomprehensumestextra·</strong></span> 
     </span>
    </p>

    <p class='ocr_par' dir='ltr' id='par_1_10' title="bbox 124 5162 1735 5242">
     <span class='ocr_line' id='line_1_56' title="bbox 124 5162 1735 5242; baseline 0.002 -25"><span class='ocrx_word' id='word_1_714' title='bbox 124 5179 160 5217; x_wconf 89' lang='lat' dir='ltr'><strong>nc</strong></span> <span class='ocrx_word' id='word_1_715' title='bbox 174 5162 269 5218; x_wconf 88' lang='lat' dir='ltr'><strong>facias.</strong></span> <span class='ocrx_word' id='word_1_716' title='bbox 293 5163 383 5234; x_wconf 88' lang='lat' dir='ltr'><strong>Impia</strong></span> <span class='ocrx_word' id='word_1_717' title='bbox 399 5169 442 5217; x_wconf 86' lang='lat' dir='ltr'><strong>est</strong></span> <span class='ocrx_word' id='word_1_718' title='bbox 456 5162 613 5233; x_wconf 87' lang='lat' dir='ltr'><strong>promissio,</strong></span> <span class='ocrx_word' id='word_1_719' title='bbox 630 5179 692 5233; x_wconf 80' lang='lat' dir='ltr'><strong>quac</strong></span> <span class='ocrx_word' id='word_1_720' title='bbox 713 5163 817 5218; x_wconf 88' lang='lat' dir='ltr'><strong>scelere</strong></span> <span class='ocrx_word' id='word_1_721' title='bbox 832 5164 923 5218; x_wconf 84' lang='lat' dir='ltr'><strong>adim·</strong></span> <span class='ocrx_word' id='word_1_722' title='bbox 964 5182 1034 5220; x_wconf 89' lang='lat' dir='ltr'><strong>neus</strong></span> <span class='ocrx_word' id='word_1_723' title='bbox 1048 5165 1195 5220; x_wconf 88' lang='lat' dir='ltr'><strong>habeatur.</strong></span> <span class='ocrx_word' id='word_1_724' title='bbox 1214 5167 1243 5222; x_wconf 89' lang='lat' dir='ltr'><strong>Si</strong></span> <span class='ocrx_word' id='word_1_725' title='bbox 1271 5184 1336 5222; x_wconf 89' lang='lat' dir='ltr'><strong>rero</strong></span> <span class='ocrx_word' id='word_1_726' title='bbox 1351 5185 1458 5232; x_wconf 70' lang='lat' dir='ltr'><strong>servus,</strong></span> <span class='ocrx_word' id='word_1_727' title='bbox 1481 5187 1532 5242; x_wconf 90' lang='lat' dir='ltr'><strong>pro</strong></span> <span class='ocrx_word' id='word_1_728' title='bbox 1557 5172 1637 5242; x_wconf 85' lang='lat' dir='ltr'><strong>eulpa</strong></span> <span class='ocrx_word' id='word_1_729' title='bbox 1657 5162 1735 5222; x_wconf 76' lang='lat' dir='ltr'><strong>scarb</strong></span> 
     </span>
    </p>

    <p class='ocr_par' dir='ltr' id='par_1_11' title="bbox 125 5251 1736 5323">
     <span class='ocr_line' id='line_1_57' title="bbox 125 5251 1736 5323; baseline -0.001 -18"><span class='ocrx_word' id='word_1_730' title='bbox 125 5252 227 5321; x_wconf 86' lang='lat' dir='ltr'><strong>pletur.</strong></span> <span class='ocrx_word' id='word_1_731' title='bbox 245 5252 323 5306; x_wconf 91' lang='lat' dir='ltr'><strong>Unde</strong></span> <span class='ocrx_word' id='word_1_732' title='bbox 352 5269 465 5306; x_wconf 89' lang='lat' dir='ltr'><strong>necesse</strong></span> <span class='ocrx_word' id='word_1_733' title='bbox 493 5258 536 5305; x_wconf 90' lang='lat' dir='ltr'><strong>est</strong></span> <span class='ocrx_word' id='word_1_734' title='bbox 565 5258 597 5306; x_wconf 93' lang='lat' dir='ltr'><strong>ut</strong></span> <span class='ocrx_word' id='word_1_735' title='bbox 611 5254 684 5306; x_wconf 86' lang='lat' dir='ltr'><strong>male</strong></span> <span class='ocrx_word' id='word_1_736' title='bbox 696 5254 794 5322; x_wconf 87' lang='lat' dir='ltr'><strong>jurans</strong></span> <span class='ocrx_word' id='word_1_737' title='bbox 809 5253 923 5323; x_wconf 86' lang='lat' dir='ltr'><strong>dignam</strong></span> <span class='ocrx_word' id='word_1_738' title='bbox 965 5254 1082 5309; x_wconf 87' lang='lat' dir='ltr'><strong>ecclesia</strong></span> <span class='ocrx_word' id='word_1_739' title='bbox 1104 5254 1276 5320; x_wconf 88' lang='lat' dir='ltr'><strong>defensatus,</strong></span> <span class='ocrx_word' id='word_1_740' title='bbox 1302 5264 1481 5312; x_wconf 82' lang='lat' dir='ltr'><strong>sacramenta</strong></span> <span class='ocrx_word' id='word_1_741' title='bbox 1503 5259 1623 5320; x_wconf 80' lang='lat' dir='ltr'><strong>Domini,</strong></span> <span class='ocrx_word' id='word_1_742' title='bbox 1651 5251 1736 5312; x_wconf 85' lang='lat' dir='ltr'><strong>clericis</strong></span> 
     </span>
    </p>

    <p class='ocr_par' dir='ltr' id='par_1_12' title="bbox 125 5340 1736 5419">
     <span class='ocr_line' id='line_1_58' title="bbox 125 5340 1736 5419; baseline 0.001 -27"><span class='ocrx_word' id='word_1_743' title='bbox 125 5340 321 5409; x_wconf 87' lang='lat' dir='ltr'><strong>poenitentiam</strong></span> <span class='ocrx_word' id='word_1_744' title='bbox 336 5346 410 5411; x_wconf 85' lang='lat' dir='ltr'><strong>agat,</strong></span> <span class='ocrx_word' id='word_1_745' title='bbox 428 5357 461 5395; x_wconf 87' lang='lat' dir='ltr'><strong>eo</strong></span> <span class='ocrx_word' id='word_1_746' title='bbox 473 5342 547 5412; x_wconf 92' lang='lat' dir='ltr'><strong>quod</strong></span> <span class='ocrx_word' id='word_1_747' title='bbox 563 5358 664 5395; x_wconf 88' lang='lat' dir='ltr'><strong>nomen</strong></span> <span class='ocrx_word' id='word_1_748' title='bbox 693 5341 806 5395; x_wconf 82' lang='lat' dir='ltr'><strong>DomIni</strong></span> <span class='ocrx_word' id='word_1_749' title='bbox 826 5348 924 5397; x_wconf 90' lang='lat' dir='ltr'><strong>contra</strong></span> <span class='ocrx_word' id='word_1_750' title='bbox 965 5344 1147 5415; x_wconf 82' lang='lat' dir='ltr'><strong>exigentibus,</strong></span> <span class='ocrx_word' id='word_1_751' title='bbox 1165 5345 1200 5399; x_wconf 87' lang='lat' dir='ltr'><strong>de</strong></span> <span class='ocrx_word' id='word_1_752' title='bbox 1216 5345 1384 5417; x_wconf 85' lang='lat' dir='ltr'><strong>impunitate.</strong></span> <span class='ocrx_word' id='word_1_753' title='bbox 1394 5349 1562 5419; x_wconf 78' lang='lat' dir='ltr'><strong>perceperit,</strong></span> <span class='ocrx_word' id='word_1_754' title='bbox 1579 5349 1649 5403; x_wconf 82' lang='lat' dir='ltr'><strong>exire</strong></span> <span class='ocrx_word' id='word_1_755' title='bbox 1661 5345 1736 5401; x_wconf 79' lang='lat' dir='ltr'><strong>nolon</strong></span> 
     </span>
    </p>

    <p class='ocr_par' dir='ltr' id='par_1_13' title="bbox 126 5429 1425 5507">
     <span class='ocr_line' id='line_1_59' title="bbox 126 5429 1425 5507; baseline 0.008 -28"><span class='ocrx_word' id='word_1_756' title='bbox 126 5435 296 5498; x_wconf 72' lang='lat' dir='ltr'><strong>praeceptum</strong></span> <span class='ocrx_word' id='word_1_757' title='bbox 312 5429 386 5483; x_wconf 89' lang='lat' dir='ltr'><strong>illius</strong></span> <span class='ocrx_word' id='word_1_758' title='bbox 412 5431 532 5502; x_wconf 81' lang='lat' dir='ltr'><strong>surrrpsit</strong></span> <span class='ocrx_word' id='word_1_759' title='bbox 552 5430 581 5484; x_wconf 92' lang='lat' dir='ltr'><strong>in</strong></span> <span class='ocrx_word' id='word_1_760' title='bbox 597 5447 684 5485; x_wconf 82' lang='lat' dir='ltr'><strong>rano:</strong></span> <span class='ocrx_word' id='word_1_761' title='bbox 703 5430 770 5501; x_wconf 85' lang='lat' dir='ltr'><strong>quia</strong></span> <span class='ocrx_word' id='word_1_762' title='bbox 786 5431 814 5486; x_wconf 93' lang='lat' dir='ltr'><strong>in</strong></span> <span class='ocrx_word' id='word_1_763' title='bbox 831 5432 923 5487; x_wconf 84' lang='lat' dir='ltr'><strong>Exodo</strong></span> <span class='ocrx_word' id='word_1_764' title='bbox 964 5440 1021 5487; x_wconf 91' lang='lat' dir='ltr'><strong>tem</strong></span> <span class='ocrx_word' id='word_1_765' title='bbox 1035 5433 1176 5488; x_wconf 89' lang='lat' dir='ltr'><strong>adomino</strong></span> <span class='ocrx_word' id='word_1_766' title='bbox 1187 5434 1271 5489; x_wconf 91' lang='lat' dir='ltr'><strong>liceat</strong></span> <span class='ocrx_word' id='word_1_767' title='bbox 1285 5436 1425 5507; x_wconf 90' lang='lat' dir='ltr'><strong>occupari.</strong></span> 
     </span>
    </p>

    <p class='ocr_par' dir='ltr' id='par_1_14' title="bbox 126 5514 924 5585">
     <span class='ocr_line' id='line_1_60' title="bbox 126 5514 924 5585; baseline 0.01 -17"><span class='ocrx_word' id='word_1_768' title='bbox 126 5514 336 5585; x_wconf 82' lang='lat' dir='ltr'><strong>scriptumest:</strong></span> <span class='ocrx_word' id='word_1_769' title='bbox 356 5539 367 5570; x_wconf 74' lang='grc' dir='ltr'><strong><em>ι</em></strong></span> <span class='ocrx_word' id='word_1_770' title='bbox 385 5519 443 5574; x_wconf 84' lang='lat' dir='ltr'><strong>Nec</strong></span> <span class='ocrx_word' id='word_1_771' title='bbox 457 5520 532 5575; x_wconf 83' lang='lat' dir='ltr'><strong>enim</strong></span> <span class='ocrx_word' id='word_1_772' title='bbox 543 5520 683 5576; x_wconf 81' lang='lat' dir='ltr'><strong>Insontem</strong></span> <span class='ocrx_word' id='word_1_773' title='bbox 699 5520 814 5576; x_wconf 90' lang='lat' dir='ltr'><strong>habebit</strong></span> <span class='ocrx_word' id='word_1_774' title='bbox 828 5521 924 5576; x_wconf 88' lang='lat' dir='ltr'><strong>Domi-</strong></span> 
     </span>
    </p>
   </div>
   <div class='ocr_carea' id='block_1_5' title="bbox 0 0 1890 6117">
    <p class='ocr_par' dir='ltr' id='par_1_15' title="bbox 0 0 1890 6117">
     <span class='ocr_line' id='line_1_61' title="bbox 0 0 1890 6117; baseline 0 0"><span class='ocrx_word' id='word_1_775' title='bbox 0 0 1890 6117; x_wconf 95' lang='lat' dir='ltr'><strong> </strong></span> 
     </span>
    </p>
   </div>
  </div>
 </body>
</html>
