3772 6120
133 372 136 381 ι
168 337 220 395 275
466 339 496 391 ll.
519 337 654 390 Rnann'l
674 337 789 390 linum
808 338 976 391 nudetur.
998 337 1160 391 MOGUNT.
1183 337 1331 391 OPERUM
1350 336 1441 390 PARS
1462 336 1511 390 ΙΙΙ.
1753 336 1806 392 ‘276

168 465 259 517 aliani
267 469 357 517 atatem
368 464 553 529 ajirr.rl<›‘or¹rirrr
564 460 619 512 nidi
634 462 772 512 arrrrinrm
784 459 883 517 (dabit.
894 461 920 527 q.
935 461 966 511 Si
975 468 998 524 Α
1010 459 1169 525 enimsignn
1178 466 1244 511 sunt
1251 475 1345 511 rerum
1352 459 1530 529 spiritalium.
1543 460 1638 514 Mitem
1644 467 1739 514 autern
1745 476 1807 512 esse

169 557 207 616 tu,
225 552 326 622 inquit,
340 567 400 604 curu
416 551 527 600 iuda-us
537 551 583 611 sis,
600 551 741 614 pratililrr
754 553 778 600 rt
796 549 968 612 rionjrnluirr
1009 551 1035 598 et
1050 546 1184 599 lnunilmn
1200 546 1344 598 rluuitatis
1359 553 1591 607 conservatorem,
1608 564 1653 599 res
1668 548 1734 617 ipsa
1746 548 1805 618 spi·

168 643 248 701 viriis,
274 640 406 708 qrrornodu
424 642 514 704 pentes
533 639 605 703 copie
621 637 791 705 judaizare?
814 636 967 689 indissolu-
1009 634 1105 688 ritalcs
1119 640 1194 691 sunt.
1212 635 1247 687 ad
1262 652 1332 705 quas
1346 652 1396 705 per
1410 636 1459 688 illa
1475 637 1626 699 ducuntur,
1644 636 1702 706 qui,
1720 637 1808 690 oculis

170 728 219 783 bili
234 732 400 799 argumento
412 725 579 794 constringit
588 725 712 785 Petrum,
724 724 780 778 imo
793 742 841 795 per
852 725 965 778 Petrum
1008 725 1131 793 corporis
1145 723 1242 789 dediti,
1260 724 1344 777 fidem
1358 724 1551 790 invisibilium,
1565 725 1696 796 quiajam
1707 725 1742 778 de
1755 742 1806 778 no-

168 816 279 887 eosqui
303 815 459 887 pugnantia
473 814 553 869 illum
570 813 644 868 inter
658 830 688 868 se
702 813 793 867 lacere
808 813 962 883 cogebant:
1007 812 1043 866 tis
1067 812 1234 883 usitatisque
1255 829 1311 866 non
1335 821 1462 883 possunt,
1483 814 1518 866 de
1541 814 1620 867 novis
1635 819 1664 868 et
1682 815 1807 884 repenti-

169 904 208 971 Si,
220 904 320 975 inquit,
337 905 429 967 Petne,
446 909 477 957 tu
492 908 596 957 natura
608 902 730 967 iudaeus,
750 902 931 957 circumcisus
949 917 966 954 a
1007 901 1051 955 nis
1067 900 1222 956 visibilibus
1237 910 1378 972 quarunt.
1391 903 1420 956 Si
1435 919 1502 972 ergo
1518 908 1547 956 et
1560 903 1601 956 illi
1611 903 1660 973 qui
1671 902 1808 972 cogebant

168 1008 254 1065 parra
267 999 359 1058 aetate,
376 992 545 1047 etuniversa
558 991 627 1061 legis
643 998 781 1063 praecepta
795 991 964 1056 custodiens,
1007 995 1106 1059 gentes
1116 990 1270 1060 judaizare,
1290 991 1455 1045 didicissent
1468 991 1551 1045 mites
1567 1008 1627 1044 esse
1644 998 1673 1045 et
1688 992 1809 1046 humiles

169 1097 243 1137 nunc
258 1082 293 1136 ob
306 1083 427 1151 gratiam
444 1080 558 1146 Christi,
579 1081 635 1135 scis
656 1097 690 1134 ea
709 1080 779 1135 nihil
802 1098 851 1151 per
870 1097 900 1134 se
920 1080 967 1133 ha·
1008 1078 1100 1144 corde,
1116 1079 1190 1149 quod
1205 1079 1347 1133 nilomino
1364 1080 1617 1137 Petrusdidicerat.
1630 1081 1730 1134 saltem
1749 1097 1807 1133 cor-

170 1170 235 1226 bere
249 1171 389 1227 utilitatis
407 1170 454 1223 sed
471 1168 641 1240 exemplaria
655 1184 716 1222 esse
731 1175 760 1223 et
774 1169 911 1238 imagines
925 1169 967 1222 su·
1009 1174 1084 1219 recto
1099 1172 1178 1220 tanto
1189 1168 1247 1220 siro
1263 1168 1298 1221 ad
1314 1168 1481 1223 imitandum
1498 1169 1694 1231 invitarentur,
1711 1185 1805 1239 nepu-

170 1266 309 1326 turorum,
326 1266 355 1313 et
379 1276 443 1313 cum
459 1259 502 1311 his
520 1258 567 1328 qui
584 1275 616 1311 ex
638 1257 769 1328 gentibus
794 1264 860 1311 sunt
874 1258 966 1311 cibum
1008 1261 1102 1309 tarem
1118 1256 1298 1325 Erarrgeliunr
1309 1257 1412 1310 Christi
1419 1258 1537 1326 justitiae
1547 1274 1605 1311 suae
1613 1264 1750 1327 uinquam
1762 1258 1808 1311 de-

169 1349 255 1418 capis,
272 1364 450 1419 nequaquam
465 1351 497 1400 ut
510 1352 575 1399 ante
594 1346 796 1417 superstitiose.
818 1346 866 1399 sed
881 1345 967 1399 libere
1009 1344 1097 1398 bitum
1112 1344 1254 1398 redditum
1273 1363 1278 1396 :
1295 1346 1344 1399 sed
1358 1345 1618 1416 scientesquoniatn
1634 1363 1690 1400 non
1704 1347 1809 1415 justifi-

170 1443 200 1492 et
211 1437 405 1491 indifferenter
414 1435 553 1499 victitans,
573 1434 712 1505 quomodo
726 1451 783 1489 eos.
802 1436 850 1505 qui
860 1452 893 1488 er
902 1451 968 1505 gen·
1009 1438 1089 1486 catur
1105 1433 1188 1487 homo
1204 1450 1236 1486 ex
1246 1433 1378 1504 operibus
1388 1434 1466 1502 legis,
1480 1435 1534 1488 nisi
1544 1451 1593 1504 per
1604 1435 1688 1488 tidem
1703 1435 1806 1488 Christi

170 1524 246 1579 tibus
260 1525 440 1580 crediderunt
454 1540 529 1579 nuuc
544 1522 676 1577 recedens
693 1523 728 1577 ab
742 1524 792 1589 cis,
810 1531 839 1577 et
852 1525 931 1601 quusi
951 1540 968 1577 a
1009 1522 1084 1583 Jesu,
1097 1522 1253 1592 utimpleat
1259 1539 1343 1592 opera
1356 1523 1436 1592 legis,
1450 1523 1601 1592 adjuvante
1613 1523 1805 1577 infirmitatem

170 1615 368 1669 contaminatis
386 1619 414 1668 te
439 1629 573 1683 separans
597 1618 626 1664 et
644 1613 776 1679 secernis,
794 1629 829 1666 en
849 1614 968 1683 cornpel-
1009 1627 1099 1675 sunm,
1116 1627 1172 1664 non
1183 1610 1284 1664 rnerito
1298 1628 1358 1676 suu,
1379 1613 1428 1665 sed
1449 1613 1544 1680 gratia
1558 1612 1617 1678 Dei,
1643 1629 1700 1666 non
1714 1612 1808 1682 exige-

171 1703 206 1757 lis
230 1703 376 1774 judaizare
391 1702 402 1755 l
419 1702 447 1756 Si
472 1702 547 1755 enirn
576 1701 714 1755 immundi
737 1707 804 1756 sunt
828 1719 845 1754 a
868 1702 968 1771 quibus
1009 1708 1073 1753 rent
1086 1698 1263 1770 degentibus
1287 1700 1413 1754 carnales
1438 1701 1507 1770 legis
1525 1699 1743 1766 observationes,
1761 1702 1807 1754 sed

171 1768 288 1858 recedis,
300 1791 402 1845 idcirco
417 1795 511 1845 autem
526 1790 633 1844 recedis
644 1790 710 1860 quia
725 1807 781 1845 non
795 1790 900 1845 habent
913 1790 968 1844 cir·
978 1785 1001 1844 B
1011 1805 1061 1859 per
1075 1788 1164 1858 ipsam
1182 1788 1304 1857 gratiam
1321 1789 1395 1854 fidei,
1417 1789 1556 1859 spiritalia
1569 1806 1656 1860 opera
1671 1791 1741 1859 legis
1762 1807 1810 1843 cos

172 1880 381 1944 cumcisionem,
403 1880 547 1949 compellis
569 1896 617 1934 eos
637 1879 798 1933 circumcidi
814 1886 842 1933 et
859 1880 969 1934 Judaeos
1009 1876 1126 1947 implere
1136 1893 1217 1947 posse
1232 1884 1450 1947 cognoscerent:
1472 1879 1537 1949 quin
1552 1895 1584 1931 ar
1602 1880 1728 1947 operibus
1744 1883 1809 1944 lepis

171 1970 242 2032 lieri,
254 1986 317 2023 curn
328 1974 359 2023 tu
369 1969 429 2040 ipse
439 1968 640 2023 natusJudaeus
649 1968 794 2038 gentiliter
807 1969 918 2023 rixeris.
937 1968 970 2021 Et
1011 1982 1073 2019 cum
1084 1966 1142 2019 suis
1152 1965 1258 2019 viribus
1274 1982 1308 2020 ea
1323 1967 1440 2036 quisque
1451 1966 1559 2031 tribuit,
1576 1984 1631 2020 non
1647 1967 1746 2035 gratia
1755 1967 1809 2020 mi-

173 2057 295 2112 letenter
310 2057 433 2112 ostendit
447 2074 561 2111 causam
576 2073 662 2127 quare
686 2056 819 2111 adsersus
836 2073 900 2110 eum
917 2057 970 2110 dis·
1012 2055 1132 2109 serentis
1141 2054 1201 2117 Dei,
1214 2071 1269 2108 aon
1275 2057 1476 2124 gratificabitur
1486 2059 1576 2109 orriri-is
1585 2072 1650 2109 curo
1663 2058 1749 2119 (llorn.
1761 2062 1807 2117 rut,

173 2147 290 2217 putarit,
316 2146 383 2217 quia
406 2146 512 2201 scilicet
534 2152 634 2216 gentes
659 2144 837 2199 simulatione
860 2162 911 2199 sua
922 2146 970 2215 ju·
1012 2143 1108 2208 idest,
1125 2143 1324 2207 omnishomo,
1341 2144 1397 2197 sive
1408 2160 1505 2198 omnes
1520 2144 1671 2197 carnaliter
1684 2144 1809 2199 sentien-

173 2234 283 2289 daizare
306 2234 494 2306 compelleret,
521 2234 588 2287 dum
607 2250 673 2287 eum
697 2234 815 2304 cupiunt
834 2234 968 2288 aemulari.
1012 2238 1069 2286 tes:
1083 2237 1111 2285 et
1125 2231 1188 2285 ideo
1200 2232 1251 2295 illi,
1268 2232 1316 2303 qui
1327 2249 1389 2285 curn
1394 2235 1454 2302 jam
1464 2232 1616 2287 essentsub
1624 2232 1810 2303 lege‚Christo

175 2321 271 2395 (Atre.)
287 2323 387 2378 Petrus
401 2328 496 2377 autem
511 2339 574 2377 cum
585 2322 706 2376 venisset
721 2322 910 2387 Antiochiam,
926 2321 973 2375 ob·
1012 2320 1201 2383 crediderunt,
1218 2338 1273 2374 non
1289 2322 1355 2391 quia
1365 2321 1436 2390 justi
1450 2328 1541 2382 erant,
1561 2321 1608 2374 sed
1626 2328 1658 2375 ut
1675 2321 1810 2391 justifica·

172 2414 303 2483 jurgatus
318 2418 361 2466 est
375 2429 392 2466 a
406 2412 503 2477 Paulo,
521 2428 576 2465 non
593 2412 658 2482 quia
675 2410 803 2465 servabat
823 2417 972 2465 consuetu·
1014 2416 1121 2469 rentur,
1134 2416 1271 2463 venerunt
1285 2409 1325 2485 ad¹
1335 2409 1457 2479 gratiam
1473 2410 1546 2463 fidei.
1563 2411 1744 2464 Peccatorum
1760 2427 1810 2464 au·

174 2501 450 2564 dinemJudaeorum,
468 2500 497 2553 in
513 2516 569 2570 qua
576 2507 750 2570 natusatque
760 2500 894 2554 educatus
901 2506 971 2565 erat,
1013 2504 1071 2552 tem
1088 2514 1190 2553 nomen
1213 2498 1344 2568 gentibus
1365 2499 1557 2569 imposuerant
1580 2499 1678 2565 ludaei,
1693 2501 1753 2569 jam
1770 2517 1812 2552 re-

177 2601 349 2660 quamquam
363 2589 438 2659 apud
452 2594 551 2658 gentes
562 2605 625 2642 eam
641 2605 697 2642 non
714 2596 848 2652 servaret,
864 2589 912 2642 sed
923 2588 973 2642 ob·
1014 2591 1091 2642 tusta
1104 2587 1225 2657 quadarn
1240 2586 1380 2658 superbia,
1396 2592 1533 2658 tanquam
1547 2587 1600 2657 ipsi
1613 2588 1684 2657 justi
1708 2597 1811 2642 essent.

173 2679 305 2748 jurgatus
321 2681 364 2730 est
379 2676 586 2747 quingentibus
607 2693 669 2731 earn
690 2677 800 2730 volebat
818 2677 971 2748 imponere,
1015 2676 1134 2730 videndo
1144 2676 1277 2747 stipulam
1288 2677 1315 2729 in
1333 2678 1412 2730 oculo
1424 2677 1525 2743 abeno,
1541 2682 1569 2729 et
1582 2693 1639 2730 non
1655 2676 1769 2730 trabem
1783 2677 1813 2730 in

177 2778 242 2821 cum
253 2765 368 2820 vidisset
387 2765 523 2835 quosdam
539 2766 647 2819 venisse
669 2782 686 2819 a
707 2765 820 2831 Jacobo,
840 2766 936 2831 idest,
957 2784 975 2820 a
1015 2781 1075 2819 suo.
1089 2765 1248 2819 Secundum
1259 2781 1357 2820 eorum
1365 2782 1470 2819 morem
1483 2766 1749 2835 locutushpostolus
1760 2767 1809 2820 ait:

176 2854 284 2919 Iudaea,
317 2869 381 2908 nam
411 2854 538 2909 Ecclesia
572 2853 833 2925 Hierosolymitame
854 2854 973 2910 lacobus
1015 2854 1068 2908 Nos
1088 2859 1192 2907 reaturo
1215 2856 1304 2908 iudai
1328 2860 1352 2907 rt
1375 2871 1430 2907 tion
1451 2871 1484 2908 ec
1503 2856 1629 2920 ¹qerttibas
1650 2861 1812 2923 precatores.

177 2942 296 3015 praefuit.
308 2942 422 2997 Timens
436 2959 504 3021 ergo
511 2942 613 3013 eosqui
623 2943 714 2997 adhuc
729 2943 867 3015 putabant
880 2944 974 2998 inillis
1015 2943 1109 3013 (lup.)
1123 2942 1154 2996 ld
1171 2950 1222 3008 est,
1241 2959 1310 3013 quos
1325 2943 1469 3013 appellant
1484 2950 1653 3013 peccatores,
1669 2960 1734 2998 curn
1757 2944 1814 2998 sint

176 3031 421 3087 observationibus
434 3032 554 3086 salutern
570 3032 762 3090 constitutam,
774 3032 974 3103 segregabatse
1016 3037 1045 3085 et
1060 3031 1114 3101 ipsi
1125 3039 1295 3102 peccatores.
1312 3032 1369 3085 Nos
1385 3022 1461 3101 crgo,
1477 3032 1578 3102 inquit,
1595 3040 1699 3086 natura
1712 3033 1810 3098 ludaei,

178 3120 352 3191 agentibus,
370 3125 397 3174 et
408 3120 539 3193 simulate
549 3119 604 3173 illis
625 3121 818 3176 consentiebat
832 3121 867 3175 ad
884 3097 1080 3192 impe-Coum
1094 3120 1223 3190 gentiles,
1249 3136 1306 3173 non
1333 3137 1467 3181 essemus,
1485 3137 1554 3191 quos
1573 3121 1627 3191 ipsi
1653 3128 1813 3191 peccatores

178 3209 273 3264 nenda
285 3208 416 3280 gentibus
431 3208 479 3262 illa
492 3225 579 3262 onera
592 3209 744 3273 servitutis,
761 3211 834 3281 quod
846 3210 875 3264 in
886 3211 974 3280 ipsius
1015 3208 1166 3279 appellant,
1183 3213 1277 3262 tarnen
1293 3214 1321 3262 et
1335 3225 1385 3263 nos
1400 3214 1560 3279 peccatores
1575 3209 1604 3262 in
1617 3210 1730 3263 Christo
1748 3211 1813 3263 Josu

179 3297 374 3368 objurgatione
390 3296 481 3351 verbis
501 3298 570 3351 satis
594 3304 719 3369 apparet,
746 3299 896 3353 nonenim
923 3300 971 3363 ait,
1015 3297 1184 3351 credidimus
1195 3302 1226 3350 ut
1237 3297 1426 3367 justificemur
1445 3314 1496 3368 per
1509 3298 1592 3351 sidem
1617 3298 1731 3360 Christi,
1756 3315 1812 3351 non

179 3385 212 3441 Si
226 3393 265 3452 tu,
282 3387 462 3440 cencludant
472 3389 519 3452 sis,
529 3389 669 3454 gentiliter
679 3392 703 3440 et
713 3389 972 3456 itortjudoiccoiois,
1015 3392 1109 3441 autem
1126 3393 1284 3457 quaererent
1293 3386 1453 3456 justificari,
1468 3387 1522 3440 nisi
1533 3394 1626 3441 essent
1641 3396 1811 3458 peccatores.

177 3475 317 3547 quomodo
325 3490 423 3529 rursus
432 3475 467 3528 ad
477 3475 876 3530 consuetudinemiudaeorum
886 3493 976 3530 rever·
1016 3475 1060 3529 An
1075 3475 1146 3529 forte
1160 3475 1227 3546 quia
1236 3476 1265 3528 in
1280 3476 1392 3529 Christo
1400 3477 1550 3530 voluerunt
1556 3476 1705 3545 justificari
1716 3493 1814 3547 peccu-

130 3599 134 3615 -.
176 3563 265 3618 teris?
280 3563 335 3618 Sed
350 3565 491 3632 quomodo,
510 3564 610 3634 inquit,
625 3570 715 3632 pentes
727 3567 798 3632 copis
807 3567 975 3633 judoizare?
1016 3564 1216 3635 rerunthuia,
1228 3565 1251 3618 si
1259 3565 1393 3634 jamjusti
1407 3570 1497 3629 erant,
1508 3565 1583 3618 aliud
1599 3566 1750 3635 quaerendo
1761 3566 1814 3620 uti·

178 3651 258 3716 Quod
273 3659 370 3707 autern
385 3653 438 3706 hoc
450 3652 477 3706 ei
490 3664 584 3706 coram
595 3652 810 3714 omnibusdixit,
823 3654 974 3709 necessitas
1016 3669 1069 3724 que
1079 3661 1271 3723 peccaverunt.
1286 3653 1404 3709 Seicntes
1422 3660 1514 3707 autern.
1530 3655 1602 3723 qaod
1617 3670 1672 3707 aon
1682 3658 1815 3722 justifice-

176 3726 277 3812 coegit,
295 3748 326 3796 ut
334 3753 431 3795 ornnes
439 3741 515 3795 illius
526 3740 904 3812 objurgationesanarentur.
913 3744 973 3797 Non
1017 3747 1063 3794 tur
1075 3743 1154 3796 horico
1164 3760 1196 3795 cr
1204 3744 1330 3811 operibus
1338 3745 1404 3809 lepis
1414 3745 1470 3796 nsisi
1481 3759 1530 3810 per
1540 3744 1619 3809 fidere
1627 3746 1690 3796 iasa
1700 3744 1811 3809 t'bristi,

178 3830 253 3887 enim
267 3831 336 3885 utile
350 3836 411 3884 erat
432 3844 558 3885 errorem
572 3831 619 3901 qul
636 3831 729 3901 palam
747 3838 869 3894 noceret,
881 3832 909 3886 in
931 3848 975 3885 se·
1016 3835 1040 3884 ct
1056 3847 1103 3884 rios
1119 3835 1151 3885 in
1173 3832 1279 3886 Christo
1292 3834 1355 3884 iesu
1375 3832 1522 3898 credimus,
1539 3837 1570 3885 ut
1581 3834 1770 3899 iustificantur
1783 3837 1815 3887 ia

177 3924 255 3972 creto
269 3919 499 3973 emendareHuc
508 3919 699 3989 acceditquod
711 3920 861 3973 infirmitas
875 3925 904 3973 et
913 3921 977 3974 cha·
1017 3920 1067 3985 tldc
1082 3919 1194 3986 Christi,
1211 3926 1236 3973 rt
1251 3936 1306 3973 riou
1321 3937 1354 3973 ca
1370 3922 1494 3988 operibus
1510 3922 1584 3987 tegis.
1603 3919 1742 3989 (Hieron.)
1758 3922 1814 3975 Na-

175 4006 245 4060 ritas
269 4007 355 4070 Petri,
378 4007 422 4059 cui
445 4012 489 4060 ter
512 4024 529 4060 a
552 4007 672 4061 Domino
692 4008 800 4062 dictum
820 4015 872 4074 est,
890 4011 974 4073 retra,
1017 4012 1083 4061 tura
1095 4009 1208 4062 iudeus
1223 4015 1275 4074 est,
1293 4009 1340 4079 qui
1355 4008 1507 4077 degenere
1522 4014 1565 4062 est
1581 4007 1741 4062 Abraham:
1757 4016 1816 4064 eta

177 4111 257 4148 arnas
272 4101 334 4148 irie?
351 4110 429 4163 pasce
451 4111 508 4147 oves
535 4111 616 4159 tricos,
643 4095 868 4166 objurgationem
891 4097 976 4150 talem
1019 4096 1182 4167 parentibus
1195 4097 1240 4151 die
1256 4104 1353 4151 octava
1373 4096 1554 4150 circumcisus
1568 4103 1627 4151 est:
1643 4113 1700 4151 non
1714 4104 1815 4152 natura

178 4181 343 4254 posterioris
354 4182 475 4253 pastoris
493 4200 543 4254 pro
566 4185 656 4238 salute
683 4185 778 4254 gregis
793 4185 975 4239 libentissime
1016 4185 1139 4250 Judeeus,
1155 4186 1203 4257 qui
1219 4193 1316 4256 postea
1330 4192 1374 4239 est
1388 4186 1479 4239 lactus
1494 4202 1526 4239 ex
1540 4185 1682 4255 gentibus.
1695 4186 1816 4255 pisitur.)

178 4270 344 4326 sustinebat.
364 4272 436 4325 Nam
449 4277 510 4325 erat
526 4271 704 4341 objurgatore
720 4285 770 4327 suo
786 4274 845 4344 ipse
856 4274 903 4345 qui
925 4275 975 4328 ob-
1016 4273 1165 4327 Mauit'esta
1182 4275 1289 4328 ratione
1303 4275 1507 4328 circumventos
1520 4291 1568 4328 eos
1581 4275 1704 4329 ostendit
1718 4283 1751 4329 ut
1761 4292 1817 4329 ser-

174 4360 343 4432 jurgabatur
354 4360 517 4426 mirabilior,
538 4366 566 4415 et
581 4362 615 4414 ad
631 4361 799 4416 imitandum
814 4363 972 4429 difficilior3
1018 4369 1113 4415 varent
1128 4363 1229 4430 legem,
1245 4361 1273 4415 in
1288 4363 1612 4433 quanemojustificatur
1622 4364 1697 4441 apud
1714 4364 1813 4418 Deum.

177 4450 288 4504 facilius
300 4456 343 4505 est
356 4450 431 4503 enim
446 4450 539 4504 videre
554 4450 621 4522 quld
635 4451 664 4505 in
681 4451 736 4505 alio
752 4452 877 4522 corrigas
891 4459 975 4524 atque
1017 4450 1120 4520 quippe
1134 4467 1197 4504 cum
1213 4450 1242 4504 hi
1256 4451 1309 4521 ipsi
1324 4452 1371 4521 qui
1381 4459 1483 4505 natura
1499 4453 1512 4504 J
1516 4451 1588 4505 udaei
1603 4457 1678 4515 sunt,
1692 4452 1816 4506 solentes

180 4539 207 4593 id
224 4538 409 4610 vituperando
424 4540 465 4593 rel
481 4538 655 4610 objurgando
670 4541 820 4611 corrigere,
837 4558 920 4611 quam
934 4542 975 4596 vi·
1014 4539 1174 4607 justificari,
1191 4539 1289 4592 relicta
1303 4540 1374 4609 lege,
1384 4540 1549 4608 confugiant
1562 4540 1597 4593 ad
1607 4540 1691 4593 bilem
1700 4540 1815 4603 Christi,

176 4626 243 4681 dere
258 4627 325 4697 quid
340 4628 369 4680 in
383 4633 411 4681 te
425 4628 622 4698 corrigendum
634 4630 680 4695 sit,
692 4629 975 4701 libenterquecorrigi
1017 4628 1150 4698 quoniam
1164 4645 1195 4681 cr
1210 4630 1336 4696 operibus
1351 4633 1416 4695 lepis
1437 4646 1493 4683 reon
1507 4629 1712 4697 justificabitur
1727 4633 1817 4683 orrrais

177 4715 220 4768 rel
234 4730 284 4785 per
296 4721 325 4768 te
341 4715 443 4784 ipsum,
459 4717 563 4771 nedum
579 4735 628 4788 per
643 4718 744 4783 alium;
760 4718 831 4772 adde
843 4720 975 4789 posterio-
1016 4733 1089 4771 coro.
1101 4716 1216 4770 Nullum
1228 4717 1373 4771 hominum
1379 4718 1565 4788 justificatum
1573 4717 1817 4788 dicitexoperibus

179 4818 249 4868 rem,
266 4802 337 4857 adde
365 4820 459 4858 coram
478 4807 618 4861 omnibus.
643 4807 726 4861 Valet
748 4812 843 4862 autem
864 4808 917 4863 hoc
940 4809 975 4861 ad
1016 4805 1099 4876 legis3
1117 4805 1286 4877 quicumque
1302 4807 1376 4859 enirn
1384 4806 1454 4876 justi
1465 4814 1541 4867 sunt,
1554 4822 1586 4859 ex
1603 4806 1657 4860 side
1668 4807 1815 4875 justilicati

178 4907 312 4963 magnum
334 4893 501 4948 humilitatis
520 4897 688 4967 exemplum,
704 4914 766 4967 quac
787 4897 909 4950 maxima
933 4902 977 4950 est
1016 4900 1092 4960 sunt,
1101 4894 1430 4959 sicutAbrabam,lsaac,
1440 4902 1469 4947 et
1477 4894 1572 4961 Jacob,
1582 4895 1815 4950 etcaeterisancti.

177 4979 325 5053 disciplina
338 4981 508 5046 Christiana,
526 4983 684 5038 humilitate
702 4985 777 5038 enim
796 4990 976 5039 conservatur
1018 4985 1153 5053 (Hieron.)
1170 4985 1208 5038 Ut
1222 4991 1315 5037 autem
1336 4990 1427 5038 totum
1451 4990 1650 5052 argumentum
1670 4984 1747 5038 brevi
1761 5001 1818 5038 ser·

178 5071 390 5137 abaritanam
405 5071 639 5125 nihileamcitius
649 5073 734 5126 violat
744 5072 974 5143 quarnsuperbia.
1016 5082 1099 5126 morte
1115 5073 1359 5143 comprehendam,
1379 5088 1478 5126 sensus
1493 5078 1536 5125 est
1550 5072 1602 5127 iste
1622 5074 1669 5143 qui
1688 5074 1793 5128 texitur
1809 5093 1813 5126 :

179 5159 212 5213 Et
225 5159 288 5213 ideo
303 5159 439 5214 Dominus
455 5176 511 5213 non
529 5159 570 5213 ait
586 5178 591 5211 :
617 5162 711 5214 Tollite
730 5165 828 5230 jugum
849 5169 975 5216 inerrabat
1018 5178 1078 5223 nos,
1090 5160 1118 5215 id
1134 5168 1186 5223 est,
1204 5178 1255 5231 ego
1270 5168 1299 5215 et
1313 5169 1353 5225 tu,
1376 5162 1458 5215 Petre
1473 5161 1600 5228 (nriscuit
1619 5162 1695 5214 enim
1720 5178 1816 5231 perso-

178 5247 369 5314 discinctae,
388 5248 521 5319 quoniam
537 5248 724 5318 quatriduana
735 5250 769 5304 de
784 5250 919 5320 sepulcris
933 5268 977 5305 ca-
1018 5267 1084 5304 nam
1098 5267 1188 5316 suam,
1206 5268 1240 5305 ne
1256 5251 1294 5304 illi
1310 5252 1400 5305 lacere
1415 5251 1556 5305 rideretur
1577 5250 1734 5320 injuriam),
1751 5267 1814 5304 curn

177 5333 280 5388 devera
293 5336 441 5400 exsuscito,
458 5342 543 5406 atque
564 5337 659 5391 omnia
675 5338 814 5393 damonia
827 5340 862 5392 de
877 5356 976 5410 corpo·
1018 5356 1151 5405 essemus,
1162 5340 1262 5410 inquit,
1275 5346 1376 5394 natura
1390 5341 1404 5394 J
1408 5341 1489 5406 udaei,
1502 5339 1677 5394 cesarientee
1687 5338 1816 5409 qualege

177 5421 257 5477 ribus
274 5424 432 5490 hominum,
448 5423 614 5494 morbosque
629 5426 748 5496 depello,
766 5433 795 5480 ct
809 5434 910 5482 catera
922 5429 975 5482 hu·
1019 5433 1157 5499 precepta
1170 5434 1246 5490 suut,
1271 5435 1299 5481 et
1317 5446 1372 5482 non
1387 5446 1420 5481 ex
1433 5429 1564 5498 gentibus
1580 5436 1751 5500 peccatores,
1767 5428 1815 5498 qui

175 5512 308 5581 jusmodi,
323 5514 381 5578 sed,
401 5514 503 5577 Tollite,
513 5512 614 5583 inquit,
621 5519 722 5583 jugum
738 5533 838 5575 incurri.
848 5522 872 5570 ct
882 5519 976 5570 discite
1017 5518 1060 5571 rel
1073 5517 1244 5587 generaliter
1253 5517 1319 5587 quia
1329 5518 1412 5571 idolis
1426 5519 1551 5572 serviunt
1563 5525 1726 5590 peccatores
1737 5526 1813 5584 sunt,

174 5602 648 5670 arcuquiornitissarnetbarnitis
662 5605 974 5671 cordc(;llattb.xr):illa
1017 5606 1059 5659 rel
1082 5622 1152 5677 quos
1170 5620 1244 5660 nmrc
1261 5612 1393 5676 putamus
1408 5607 1569 5663 immundos
1590 5609 1712 5662 aciem
1736 5608 1813 5677 quod
