3772 6120
108 324 157 378 lli
338 323 625 378 FMRRATIONUM
645 325 683 378 tn
703 324 779 378 EPP.
802 327 907 381 PAULI
928 327 996 380 lillt.
1018 326 1078 380 illl.
1097 356 1129 366 -
1145 327 1182 382 ΙΝ
1197 329 1308 383 El'lS'l'.
1326 328 1350 381 ll
1370 328 1418 381 nu
1438 328 1521 384 COR.
1698 326 1749 381 trs
1846 370 1855 379 ,

103 451 235 522 spic-uum
249 467 279 504 so
292 447 559 521 gentibusprubuit.
576 449 654 503 Unde
664 458 693 503 θῖ
703 450 806 504 Paulus
815 451 883 506 dicit
899 456 1060 527 :Aspacula
1067 457 1101 511 de
1111 457 1191 525 cuius
1201 453 1468 522 altitudineloagius
1476 453 1581 524 aliquid
1591 455 1745 519 intuemur,

105 541 191 609 l'spue
206 541 286 594 laudae
305 541 373 593 daun
391 542 492 605 tepitur
506 539 618 605 illapsas,
638 542 758 593 calcanco
775 546 908 609 estsuper
949 545 1035 599 etiam
1043 561 1111 599 sono
1125 542 1200 597 verbi
1208 542 1304 607 distat,
1316 547 1348 595 ut
1357 542 1471 595 onnrino
1479 542 1604 614 satisque
1612 551 1749 614 appareat

102 645 149 682 cor
164 644 273 692 corum,
288 627 356 698 quia
370 626 499 681 videlicet
514 627 642 681 adultera
656 628 758 681 mulier
773 629 846 699 apud
862 646 907 684 se·
948 633 1114 704 Apostolum
1128 632 1163 687 ab
1179 630 1290 702 speculo
1306 647 1362 684 aon
1381 629 1416 683 ab
1431 631 1543 700 specula
1560 630 1672 697 dixisse,
1687 635 1748 701 pto-

103 718 255 787 rnetipsam
267 717 385 788 pallium
393 715 495 781 tenuit,
504 721 533 770 et
547 732 631 802 quem
641 716 714 770 male
724 717 848 775 tenebat.
858 734 908 773 au·
949 725 1021 775 riam
1040 724 1151 777 ltomini
1164 723 1341 789 speculantes.
1350 718 1429 783 Quod
1440 735 1505 773 vero
1521 719 1571 786 ait,
1580 723 1611 773 in
1625 721 1746 776 eumden
1842 774 1845 781 ,

101 806 170 860 dum
179 806 287 860 amisit.
299 805 370 869 Quia
381 821 471 873 ergoa
481 806 759 876 synagogaveniens‚
769 806 833 860 tidei
840 823 908 877 gea·
950 814 1099 877 tnmpr'ncm
1108 811 1355 877 transformamur,
1365 806 1461 878 utique
1469 807 1622 877 imaginem
1631 808 1682 862 Dei
1688 808 1748 864 vult

101 896 174 949 rium
191 895 360 966 conspicuus
383 893 523 965 apparuit,
545 910 578 947 ex
597 901 677 947 utero
696 895 795 949 matris
816 895 907 950 nudus
948 899 1077 967 intelligi,
1098 897 1225 952 camdem
1246 896 1350 960 dicens,
1373 896 1456 950 istam
1475 897 1564 967 ipsam
1584 895 1699 962 scilicet,
1718 896 1746 950 id

101 985 179 1038 exiit.
948 993 999 1051 ost,
1016 1003 1101 1058 quam
1117 985 1302 1057 speculamur,
1311 985 1483 1055 quiaeadam
1490 985 1585 1055 imago
1592 990 1636 1039 est
1648 991 1678 1038 et
1685 984 1748 1055 glo-

136 1076 209 1128 turm
224 1080 319 1127 autem
330 1090 475 1127 marcemus
485 1074 619 1140 sircritad
632 1076 906 1142 Doriciruuamuscre·
947 1077 990 1130 ria
1014 1076 1074 1141 Dei,
1090 1076 1162 1129 siout
1180 1073 1246 1128 alibi
1268 1073 1337 1126 dicit
1358 1073 1387 1143 (l
1404 1075 1465 1129 (ὐν.
1483 1079 1521 1142 xi)
1539 1090 1545 1130 :
1568 1075 1614 1127 Vir
1636 1075 1744 1143 paridem

102 1165 294 1216 turretumra.
304 1161 557 1231 (Aarbrit'onserti
570 1161 605 1214 ad
624 1161 784 1228 Dominum,
794 1163 903 1229 hocest,
947 1182 1001 1219 rum
1015 1166 1088 1218 {lebet
1102 1168 1191 1218 celum
1207 1168 1297 1231 caperet,
1313 1179 1375 1216 cuin
1390 1165 1426 1215 sit
1441 1166 1532 1228 iiaapa
1542 1168 1565 1217 ct
1579 1165 1671 1231 ptoria
1686 1164 1744 1217 Dei.

99 1251 218 1305 credere
226 1251 256 1305 ia
268 1251 422 1309 Christum.
434 1259 465 1304 ut
474 1267 627 1320 agnoscens
635 1250 786 1304 Dominum
795 1252 904 1306 veniam
945 1254 1190 1308 'transformamur
1204 1268 1271 1322 ergo
1280 1251 1351 1306 dixit
1358 1253 1393 1305 de
1401 1251 1491 1305 torma
1504 1252 1533 1305 in
1548 1251 1678 1316 formam,
1687 1266 1748 1307 mu·

102 1347 249 1394 mercatur
264 1341 399 1411 accipere,
420 1340 472 1393 hoc
490 1345 541 1405 est,
562 1338 665 1393 aul‘erri
683 1340 820 1405 velamen,
840 1357 904 1396 sen·
945 1350 1041 1396 tamur
1049 1349 1134 1413 atque
1143 1341 1296 1396 transimus
1310 1341 1345 1394 de
1356 1341 1446 1395 torma
1456 1339 1575 1394 obscura
1588 1340 1618 1394 in
1626 1340 1745 1395 sormam

100 1430 224 1483 tentiam
240 1429 379 1494 evacuari,
391 1427 605 1500 quatenebatur
618 1445 683 1482 reus
697 1428 748 1482 sub
761 1429 832 1499 lego.
946 1432 1077 1497 lucidam,
1095 1431 1161 1501 quia
1175 1431 1277 1501 etipsa
1291 1429 1409 1483 obscum
1423 1429 1516 1499 imago
1536 1429 1588 1484 Dei
1605 1433 1657 1496 est,
1680 1435 1709 1482 et
1722 1428 1746 1483 si

137 1520 285 1572 Dornimus
299 1523 391 1571 aretem
404 1516 528 1586 Spiritus
542 1522 579 1571 cst
592 1537 599 1570 :
611 1518 660 1570 aar
675 1523 768 1571 aretem
781 1519 904 1587 Spiritus
945 1522 1048 1591 imago,
1065 1519 1188 1591 profecto
1202 1519 1288 1573 etiam
1302 1518 1393 1589 gloria
1407 1518 1437 1571 in
1452 1517 1644 1589 quahomines
1658 1516 1747 1572 eremi

101 1608 218 1660 ltamini
230 1608 273 1660 aa
287 1607 409 1660 libertas.
421 1606 560 1670 Quoniam
571 1606 646 1659 Deus
655 1606 771 1676 spiritus
786 1615 838 1673 est,
853 1623 904 1678 per
945 1626 1043 1663 siamus
1051 1614 1215 1679 praestantes
1224 1605 1747 1678 notarisanimalibusDeipsaquippe

100 1695 246 1748 Christum
263 1695 354 1765 legem
373 1694 451 1748 dedit
468 1694 593 1765 spiritus,
613 1711 668 1749 noa
686 1695 787 1748 litteris
806 1695 903 1766 utique
944 1705 1047 1752 natura
1060 1697 1185 1751 hiuuana
1197 1696 1304 1751 dictum
1324 1703 1389 1750 est:
1413 1696 1458 1748 Vir
1473 1697 1584 1763 quidem
1601 1694 1748 1749 nandeisi

99 1784 247 1854 scriptam,
259 1783 308 1837 sod
321 1782 464 1854 perfidem
475 1783 577 1837 animis
587 1783 761 1850 intimatam
775 1800 832 1838 nun
842 1801 904 1855 qua
914 1772 1035 1841 Bostare
1050 1791 1139 1855 oaput,
1156 1801 1217 1839 cunr
1238 1788 1275 1838 sit
1291 1788 1382 1852 tmapo
1396 1789 1421 1837 rt
1432 1786 1525 1850 pluria
1538 1784 1596 1849 tici,
1618 1799 1681 1853 qua
1695 1799 1746 1837 aa·

100 1872 341 1935 risibiliadoceat,
350 1872 399 1926 sed
407 1871 638 1926 invisibiliacrcdi
646 1872 837 1944 madeatque
846 1874 904 1927 ani·
945 1875 1046 1929 turain
1055 1874 1138 1928 rebus
1150 1874 1252 1928 creatis
1260 1872 1493 1927 excellentissima
1503 1888 1566 1925 cum
1578 1887 1654 1926 asuo
1664 1871 1747 1926 Crea-

100 1960 342 2033 musspiritaliter
349 1961 472 2031 colligat,
484 1978 539 2015 aon
551 1977 612 2033 qua
619 1962 716 2015 oculus
724 1968 836 2016 cernat:
847 1963 905 2016 hac
945 1969 1005 2018 tore
1020 1962 1055 2016 ab
1071 1963 1216 2034 impietate
1228 1961 1408 2033 justitlcatur,
1426 1977 1443 2014 a
1458 1959 1576 2014 deformi
1595 1959 1671 2014 loma
1688 1958 1746 2015 for-

100 2053 143 2105 lex
158 2049 387 2111 datlibertstem,
397 2051 485 2104 solam
497 2051 580 2104 tidem
588 2066 715 2121 poscens,
725 2058 757 2104 ut
766 2052 832 2122 quia
842 2068 904 2122 qua
946 2069 1053 2107 mosam
1066 2051 1284 2106 transformatur
1293 2051 1323 2104 ia
1337 2049 1466 2114 formam,
1487 2054 1530 2102 est
1548 2048 1652 2120 quippo
1670 2053 1699 2102 et
1716 2048 1745 2103 ia

99 2157 157 2194 non
170 2140 247 2193 videt
262 2140 360 2203 credit,
378 2139 413 2193 de
427 2139 587 2193 conditione
606 2140 666 2194 crui
682 2148 832 2194 mercatur.
849 2141 903 2195 Sed
945 2142 1005 2212 ipsa
1014 2142 1159 2213 impietate
1168 2146 1273 2211 quanto
1282 2137 1537 2207 mugisdamnabile
1545 2137 1654 2201 vitium,
1666 2142 1746 2191 tanto

100 2229 179 2282 nulla
188 2234 232 2282 est
247 2227 362 2282 libertas
376 2228 405 2281 in
419 2228 576 2299 culpaquia
588 2228 784 2298 scriptumest,
794 2228 904 2301 ubispi·
944 2231 1048 2284 certius
1064 2236 1166 2284 natura
1180 2227 1338 2291 laudabilis,
1356 2233 1384 2281 et
1398 2233 1513 2297 propter
1526 2226 1578 2278 hoc
1593 2225 1702 2280 addidit
1713 2227 1746 2279 dc

100 2317 173 2369 ritus
198 2315 312 2370 Domini
330 2314 369 2369 ibi
390 2314 513 2369 libertas.
529 2317 582 2370 Nm
595 2332 657 2369 arro
671 2333 770 2381 omues,
784 2320 902 2372 reuelato
944 2322 1035 2385 {pluria
1045 2322 1074 2372 in
1083 2321 1215 2386 pluriam,
1225 2316 1356 2387 degloria
1366 2314 1516 2369 creationis
1530 2314 1559 2368 ia
1569 2313 1690 2384 gloriam
1697 2313 1745 2383 ja·

99 2407 182 2471 socie,
191 2409 313 2472 pluriam
324 2406 561 2473 Deispecutuntcs,
573 2407 604 2458 iu
617 2406 738 2458 carndem
753 2409 903 2474 iriiapinem
943 2407 1128 2462 stificationis.
1145 2406 1278 2470 Quamvis
1288 2405 1376 2476 possit
1389 2403 1442 2458 hoc
1455 2409 1484 2457 et
1493 2402 1557 2457 aliis
1563 2401 1655 2457 modis
1662 2401 1746 2456 intel·

101 2496 515 2561 transformamur,actoritate
526 2496 556 2547 ia
571 2496 736 2557 claritatem,
745 2499 903 2563 taupuuma
943 2497 1003 2568 ligi,
1019 2496 1092 2566 quod
1106 2496 1211 2551 dictum
1228 2500 1271 2548 cst
1285 2495 1316 2548 de
1326 2495 1602 2562 glorisissimum·
1615 2489 1748 2559 degloria

102 2584 218 2636 amani
232 2585 347 2651 spiritu.
363 2583 422 2636 Nos
435 2581 503 2636 dicit
512 2599 619 2648 omnes,
631 2581 679 2653 qui
689 2581 849 2637 libertatem
859 2600 904 2638 su·
944 2585 1009 2639 tidei
1024 2585 1053 2639 in
1065 2584 1185 2654 gloriam
1205 2582 1317 2654 speciei,
1334 2583 1368 2635 de
1381 2580 1481 2651 gloria,
1499 2595 1555 2650 qua
1569 2579 1620 2633 alti
1634 2578 1685 2633 Dei
1697 2594 1745 2633 su·

99 2688 164 2724 raus
178 2671 321 2725 consecuti
338 2671 412 2724 dono
425 2671 524 2741 gratia
533 2671 593 2735 Dei,
602 2671 721 2742 gloriam
732 2672 844 2726 Domini
854 2689 904 2744 per
945 2692 1017 2740 mas,
1033 2674 1063 2728 in
1076 2673 1196 2743 gloriam
1212 2689 1268 2744 qua
1282 2671 1388 2725 similes
1403 2670 1428 2723 ei
1439 2669 1545 2723 erimus
1560 2668 1695 2739 quomam
1704 2666 1746 2720 ri-

100 2760 185 2813 tidem
201 2760 388 2831 speculantes,
405 2760 441 2814 ad
455 2760 584 2833 eamdem
600 2760 752 2831 imaginem
768 2761 903 2816 traassor·
945 2762 1074 2816 ‹lebimas
1087 2778 1152 2815 eum
1171 2761 1252 2815 sicuti
1272 2765 1323 2813 cst.
1343 2757 1422 2822 Quod
1445 2773 1511 2811 vero
1526 2755 1665 2826 adjunxit,
1681 2760 1745 2809 tan·

100 2850 183 2916 mari,
200 2865 286 2919 quarn
299 2865 455 2920 speramus,
467 2849 494 2902 id
506 2855 557 2915 est,
570 2855 602 2903 ut
611 2849 717 2903 similes
728 2850 905 2905 inveniamur
945 2867 1029 2920 param
1044 2868 1062 2905 u
1078 2852 1189 2904 Itomint
1209 2852 1323 2918 spiritu,
1340 2845 1462 2900 ostendit
1482 2843 1576 2915 gratia
1591 2842 1643 2898 Dei
1665 2841 1746 2898 nobis

100 2944 245 2992 transacta
259 2937 310 2992 hac
324 2939 382 2992 sita
402 2938 518 3008 imagini
532 2938 629 3008 gloriis
643 2939 757 3007 Christi,
773 2939 847 2994 sicut
859 2917 903 2993 di·
944 2939 1063 2993 eonserri
1073 2946 1132 2993 mm
1148 2937 1279 3009 optabilis
1290 2933 1546 2990 transformationis
1562 2931 1677 2986 bonum.
1694 2930 1748 2985 Ve-

98 3029 137 3081 cit
146 3027 272 3081 loannes
281 3027 425 3098 apostolus
436 3045 441 3079 :
454 3025 571 3091 Scimus,
582 3027 683 3099 inquit,
693 3031 760 3096 qaia
776 3045 838 3082 erarii.
853 3044 902 3098 ap·
943 3045 1007 3082 rum
1021 3029 1080 3082 haec
1094 3029 1178 3098 hujus
1189 3025 1320 3095 imaginis
1330 3031 1373 3079 est
1382 3022 1494 3094 quando
1505 3020 1672 3092 quassatum
1681 3035 1747 3091 per·

97 3120 238 3185 paruerit,
256 3120 361 3170 sunites
375 3119 518 3170 eiecimus
535 3117 560 3183 (I
573 3117 855 3185 taun.111)..dploriu
872 3117 1026 3196 insstectio
1041 3117 1076 3170 ad
1095 3116 1167 3170 hauc
1186 3114 1412 3185 consequendam
1431 3128 1481 3166 nos
1500 3109 1593 3164 erudit
1611 3108 1746 3179 Magister

98 3208 232 3271 grimoara,
248 3209 319 3258 sicut
334 3207 475 3260 attomirn'
483 3208 597 3274 spiritu,
614 3204 641 3258 id
652 3212 695 3259 est
706 3205 809 3259 sublati
823 3206 904 3260 bene·
946 3208 1034 3260 bonus
1050 3205 1104 3259 tide
1120 3204 1291 3265 Christiana,
1308 3201 1477 3273 pietatisque
1492 3198 1629 3265 doctrina,
1650 3203 1683 3252 ut
1700 3213 1746 3251 re-

99 3294 163 3347 ticio
177 3294 230 3348 Dei
245 3294 342 3364 gloria
361 3295 450 3365 Moysi
470 3311 554 3365 quam
574 3301 669 3349 reatus
687 3311 772 3348 causa
789 3311 904 3348 eernere
945 3295 1036 3350 relata
1049 3295 1119 3348 facia
1133 3311 1151 3348 a
1162 3293 1232 3362 legis
1247 3292 1393 3355 velamine,
1409 3289 1483 3362 quod
1499 3295 1543 3342 est
1556 3287 1656 3341 umbra
1667 3286 1746 3342 futu·
1805 3296 1825 3362 ’κ

100 3381 298 3454 nequibamus,
313 3383 732 3451 translonnamuradgloriam,
749 3399 904 3455 quamcre-
945 3401 1042 3439 rorum
1071 3375 1192 3453 gloriam
1221 3381 1334 3436 Domini
1355 3380 1542 3450 speculantes,
1568 3377 1599 3430 ia
1618 3374 1746 3429 eamdem

98 3472 193 3525 dimus
205 3471 267 3525 dari
282 3470 362 3525 nohis
377 3488 395 3525 a
411 3472 522 3526 Domini
541 3472 647 3542 Spiritu
670 3491 675 3524 :
696 3478 807 3526 uantum
827 3471 903 3526 caim
945 3473 1098 3543 imaginem
1113 3472 1356 3535 transformemur,
1365 3469 1400 3522 de
1408 3466 1500 3538 gloria
1510 3466 1539 3520 in
1552 3464 1673 3534 gloriam
1682 3470 1745 3518 taa-

98 3560 215 3614 dabitur
225 3559 331 3629 gloria),
350 3566 488 3631 quantum
502 3560 746 3629 digauracstdare
758 3562 905 3632 Deurrrper
946 3579 1029 3633 quam
1045 3579 1062 3615 a
1077 3561 1189 3615 Domini
1204 3559 1315 3630 spiritu.
1332 3559 1364 3613 ln
1379 3574 1436 3628 qua
1445 3555 1522 3609 enim
1535 3553 1605 3607 facie
1618 3553 1745 3607 velamen

99 3649 233 3720 spiritum
248 3665 342 3703 suum.
352 3650 418 3703 Ideo
426 3649 502 3703 enim
518 3649 597 3714 dixit,
609 3655 680 3704 sarrit
694 3666 712 3703 a
728 3651 841 3704 hortatui
850 3654 904 3719 spi·
946 3649 1220 3711 lrabcntiuda·i‚non
1230 3640 1746 3711 nauseandoadChristum‚quonism

101 3742 168 3799 ritu,
186 3746 219 3792 ut
233 3739 396 3792 ostenderet
403 3738 490 3792 talem
500 3738 621 3809 gloriam
629 3738 699 3805 dari,
709 3739 903 3809 quasubtimi-
944 3755 1008 3792 cum
1018 3737 1163 3792 transierit
1177 3736 1294 3806 quisque
1307 3734 1341 3787 ad
1353 3733 1507 3793 Christum,
1517 3729 1662 3783 auferetur
1669 3728 1745 3783 vela-

99 3827 151 3881 tati
166 3833 307 3898 congruat
321 3827 425 3881 dantis.
443 3826 547 3898 Moysis
563 3827 639 3881 enirn
653 3828 744 3897 glana
758 3843 809 3881 ncc
824 3835 904 3883 tanta
945 3844 1020 3893 mea,
1043 3842 1077 3879 ea
1094 3843 1145 3879 nus
1162 3824 1232 3878 facie
1252 3823 1375 3876 revelata
1393 3821 1420 3873 in
1442 3818 1570 3873 eamdem
1591 3816 1745 3885 imaginem

99 3915 161 3984 tuit,
177 3934 230 3970 nec
245 3917 387 3988 perennis,
404 3933 455 3987 pro
469 3917 552 3970 modo
568 3916 642 3970 enim
657 3916 728 3987 legis
741 3922 770 3970 et
783 3916 903 3985 gloriam
945 3915 1189 3970 transformamur.
1211 3910 1396 3983 apertissime
1414 3913 1510 3963 autera
1530 3905 1608 3971 dicit,
1623 3908 1747 3959 velamen

101 4006 240 4077 percepit:
254 4006 331 4060 itaet
340 4022 391 4076 pro
400 4006 484 4059 modo
500 4005 570 4076 legis
584 4006 659 4070 tldci,
674 4005 703 4060 in
721 4023 777 4076 ilua
787 4006 903 4076 spiritm
943 4021 1026 4074 super
1041 4019 1087 4058 eor
1101 4018 1196 4057 coriam
1215 4004 1336 4072 postttan
1351 4005 1398 4053 est.
1416 3997 1456 4052 lbi
1479 4004 1522 4051 est
1542 3995 1630 4065 igitur
1649 3993 1744 4059 facies,

101 4092 745 4164 Deicst,dabiturgloriaerodentibus.tanturn
757 4095 902 4148 criimcon·
944 4110 1000 4164 qua
1014 4094 1137 4146 revelata
1152 4109 1227 4146 rtuac
1245 4091 1274 4145 in
1297 4089 1360 4154 lldc,
1383 4086 1510 4159 quamtis
1534 4100 1584 4155 per
1600 4084 1745 4154 speculum

99 4184 182 4238 cessit
190 4183 267 4237 Deus
284 4182 423 4247 fidelibus,
440 4189 472 4238 ut
485 4182 616 4254 spiritura
631 4200 714 4237 suum
730 4184 778 4237 dat
791 4184 841 4241 cis,
858 4183 902 4254 pi·
944 4190 972 4237 ot
985 4183 1015 4236 iu
1039 4181 1198 4250 aenigmate,
1219 4185 1395 4241 ocantuemua
1418 4183 1485 4231 tuac
1503 4180 1599 4228 autem
1616 4172 1686 4226 facie
1709 4172 1743 4227 ad

98 4289 169 4341 gam
192 4272 270 4326 illius
295 4272 392 4342 gloriae
416 4288 500 4342 qaam
530 4272 667 4343 promisit.
698 4272 792 4341 (disp.)
826 4274 900 4326 l'ide·
941 4272 1050 4325 faciem.

100 4378 159 4415 iaus
186 4377 272 4425 nunc,
298 4361 400 4432 inquit,
433 4377 484 4430 per
516 4366 656 4431 speculum
688 4365 716 4415 in
746 4365 899 4428 aaipmutc,
1252 4375 1369 4430 (ἋΡΗΤ
1384 4374 1430 4428 lv,

99 4456 165 4503 tunc
185 4454 280 4503 autem
310 4451 382 4517 sarie
401 4451 439 4504 ud
459 4453 558 4518 facicm
588 4453 614 4517 tl
636 4453 696 4504 afar.
721 4456 788 4519 ultr).
814 4451 1119 4522 Qualerjommemwp
1134 4463 1474 4536 ,spostolus‚piniatarium
1487 4459 1558 4513 Noui
1570 4457 1741 4516 Testamenti,

99 4538 201 4592 sithoc
220 4539 376 4608 speculum,
398 4546 427 4592 ct
445 4539 521 4610 quud
540 4539 578 4593 sit
600 4540 624 4593 si
647 4557 815 4611 queramus,
837 4557 901 4611 pro·
979 4544 1002 4593 et
1013 4539 1388 4608 pirantumactalterationem
1399 4531 1644 4596 torrietquuatum
1656 4526 1694 4578 ud
1707 4530 1744 4578 to

99 4626 168 4680 iectu
190 4626 263 4680 illud
281 4627 411 4691 assumit,
431 4627 505 4697 quod
528 4629 633 4699 speculi
659 4629 713 4683 nisi
734 4629 827 4699 imago
846 4646 902 4683 non
980 4611 1224 4664 “'l'amifflstllmli

99 4715 235 4781 cernitur,
250 4715 303 4768 hoc
313 4732 380 4785 ergo
395 4715 486 4773 lacero
500 4717 593 4771 conati
605 4734 712 4783 sumus,
721 4723 753 4771 ut
768 4719 902 4788 perhanc
979 4719 1038 4772 Ideo
1053 4717 1180 4770 trabentes
1193 4716 1266 4767 lianc
1279 4710 1554 4766 artorim'stratiouem
1567 4708 1651 4774 juata
1672 4702 1744 4772 qaod

100 4803 253 4875 imaginem
268 4804 342 4874 quod
363 4820 414 4859 aos
434 4822 531 4860 sumus
552 4806 710 4860 rideremus
728 4813 902 4878 utcunquea
942 4791 1742 4865 interiacentiumcausei-utimum,nouapertissimo.)

98 4908 151 4962 quo
165 4893 234 4947 facti
249 4908 357 4958 sumus,
374 4900 509 4965 tanquam
524 4896 737 4966 perspeculum.
750 4897 902 4967 llocsigni·
941 4896 1060 4950 ranam
1073 4911 1152 4965 spem
1167 4892 1235 4946 dicit
1254 4885 1507 4945 administrationis
1525 4884 1619 4953 hujus,
1639 4887 1742 4935 utnon

98 4982 160 5036 trost
177 4981 267 5035 ctiam
282 4981 352 5035 illud
367 4982 441 5052 quod
455 4983 496 5036 ait
509 4984 584 5038 idem
598 4986 741 5055 apostolus
758 5003 764 5038 ι
783 4987 836 5040 .l·'os
850 4992 915 5040 aar·
941 4985 1053 5040 deficiat
1064 4985 1094 5039 in
1105 4983 1243 5055 pressuris
1253 4978 1438 5041 confortatus,
1450 4975 1473 5029 si
1482 4974 1516 5027 de
1524 4970 1743 5044 promissionum

99 5078 147 5124 tem
174 5073 297 5125 rreetutu
315 5072 387 5138 facie
407 5075 528 5139 pluriam
551 5075 664 5127 Docuini
685 5079 853 5143 speculantes
868 5078 897 5128 in
940 5074 1050 5140 solatio,
1066 5073 1141 5127 unde
1156 5070 1285 5143 superius
1299 5067 1377 5132 dicit,
1393 5065 1484 5119 multa
1498 5060 1599 5115 fiducia
1620 5061 1741 5123 utatur3

97 5162 219 5214 ronrdem
233 5163 387 5227 imaginem
398 5163 637 5229 transformamur
651 5166 683 5215 dc
696 5167 787 5229 pluria
802 5168 833 5217 in
844 5167 898 5232 plo-
940 5164 1058 5217 fidentes
1070 5163 1146 5217 onim
1162 5162 1191 5215 in
1208 5160 1252 5214 his
1271 5175 1333 5229 quaa
1347 5155 1485 5228 promissa
1508 5154 1584 5215 sunt,
1606 5144 1742 5219 quidquid

98 5253 327 5318 riamuanqmm
342 5264 360 5302 a
375 5251 488 5303 homini
501 5251 896 5322 spiritu.Speculantcsdixit‚
939 5253 1088 5306 adversum
1110 5250 1252 5311 acciderit,
1276 5248 1410 5307 tolerant,
1436 5239 1510 5313 quod
1532 5253 1590 5293 noa
1610 5234 1743 5290 humanis

98 5337 446 5409 perspeculumvidentes
456 5355 511 5392 non
519 5339 555 5392 de
564 5341 678 5410 specula
686 5341 896 5412 prospicientes,
940 5341 1049 5395 meritis
1058 5341 1185 5411 deputat,
1194 5337 1243 5392 sed
1254 5331 1452 5390 misericordia
1460 5328 1521 5393 Dei,
1531 5325 1743 5398 quaehominem

96 5426 169 5496 quod
184 5426 216 5481 ia
231 5427 329 5482 Graeca
340 5427 438 5497 lingua
451 5444 507 5482 non
528 5434 572 5482 est
591 5428 766 5500 ambiguum,
779 5430 853 5485 unde
867 5431 897 5485 in
939 5430 1031 5501 primo
1045 5428 1145 5494 abluit,
1155 5423 1410 5494 deindojustitlcat,
1426 5415 1661 5488 adoptanslllium
1672 5412 1741 5471 Deo.

97 5515 226 5570 latinam
241 5515 369 5586 linguam
388 5517 530 5575 translatae
550 5518 708 5588 apostolicae
727 5519 841 5586 litteram
858 5519 896 5574 ibi
940 5527 971 5573 at
984 5519 1071 5573 donet
1084 5518 1110 5571 ei
1125 5516 1246 5587 gloriam
1256 5513 1378 5567 similem
1387 5507 1483 5578 gloriae
1491 5505 1554 5560 Filii
1566 5502 1672 5576 proprii
1680 5500 1741 5556 Dei.

96 5604 198 5675 quippo
211 5604 357 5675 speculum
373 5603 420 5657 ubi
436 5613 574 5674 appareat
587 5606 724 5673 imagines
740 5624 845 5665 renim.
862 5609 897 5663 ab
939 5609 1200 5667 Sertrepuatiamm
1214 5605 1327 5657 armatus
1340 5588 1744 5662 dedecoribusprtilliusgloris
