3772 6120
56 266 58 271 ’
118 276 167 331 nr
414 274 445 328 s.
468 272 603 327 mnam
623 271 738 326 unum
757 272 925 327 ancumr.
945 271 1108 327 uocum.
1130 271 1279 327 ornem
1296 248 1390 326 rnns'
1407 266 1459 327 m.

117 401 212 469 ligere,
229 416 286 453 non
306 403 349 452 est
365 397 476 451 difficile
499 395 695 450 admirabilem
710 402 794 466 atque
810 395 915 449 heneti·
926 401 946 458 Α
959 398 1068 466 majora
1082 413 1168 466 opera
1178 397 1207 450 in
1227 402 1352 451 montem
1367 413 1457 467 usque
1480 410 1594 451 succisa

118 507 180 543 cum
201 488 338 559 praecipue
361 489 396 540 ml
419 504 482 540 eum
509 485 629 539 scribere
647 484 691 537 cui
706 484 836 538 universa
852 502 915 538 con·
958 502 1069 556 quoque
1080 487 1126 557 qui
1144 486 1237 556 posuit
1251 486 1408 540 custodiam
1423 486 1464 540 ori
1480 490 1594 549 sudet«

119 595 195 631 cessa
219 577 275 630 sint
301 577 377 639 ritia,
399 581 428 628 et
451 592 481 629 os
505 575 567 644 ejus
597 580 692 644 pateat
716 573 750 626 ad
773 574 914 627 colestem
956 575 1218 633 nitumlabiissuis.
1235 575 1283 645 qui
1312 575 1414 628 idcirco
1440 574 1594 629 forsitanti

119 662 914 738 panemlleindeadcontinentemctliberametadlongi-
956 663 992 717 ad
1007 663 1147 717 modicum
1170 664 1337 734 Apostolum
1351 663 1551 734 dereliquerat.
1573 662 1594 719 E

119 756 246 809 tudinem
262 754 363 824 operis,
377 753 451 824 quod
465 769 609 823 nunquam
620 756 743 805 asancto
761 751 855 805 labore
870 753 916 805 clc-
957 769 1035 806 mum
1049 752 1084 805 ab
1099 769 1131 804 eo
1142 752 1189 822 qui
1201 770 1250 822 per
1264 770 1294 806 se
1308 753 1368 823 ipse
1383 769 1556 824 consurgens
1571 769 1594 825 qr

120 846 210 897 sistat.
232 843 358 897 Scribere
368 848 463 896 autern
477 859 529 913 pro
542 858 574 894 co
593 840 640 911 qui
658 841 827 911 respondeat
836 842 915 894 testi·
956 848 1058 911 geaten*
1072 858 1275 912 processusque
1299 840 1410 905 habeat,
1431 841 1500 895 dum
1525 842 1594 897 Erat

120 933 397 987 moniosnonecnon
412 932 437 985 ei
456 931 500 985 cui
521 929 679 1000 specialiter
699 929 823 1000 Epistola
841 930 917 983 dedi·
958 929 1033 983 orbis
1049 931 1190 1000 impletur,
1205 936 1233 984 et
1248 931 1331 984 toties
1347 930 1447 984 crescit
1466 931 1578 1001 quoties

120 1028 209 1083 catur,
232 1022 348 1076 salutari
370 1021 405 1074 ah
427 1020 554 1074 ubertate
577 1025 728 1083 crescente,
745 1024 773 1072 et
787 1036 851 1073 eurn
867 1020 915 1090 qui
958 1020 1183 1074 lectusaedilicat.
1200 1021 1299 1074 Amen.

121 1113 209 1165 hictus
232 1111 269 1164 sit
285 1127 335 1180 per
355 1110 489 1163 mandata
511 1105 665 1169 sublimior,
682 1106 785 1176 illoque
803 1106 850 1177 qui
865 1123 916 1178 per

361 1300 599 1510 cisun
639 1378 1068 1591 richmirus
1108 1382 1564 1518 succinus..

411 1633 691 1709 llXPOSITIO
710 1633 769 1708 IN
790 1634 1092 1709 EPISTOLAM
1112 1635 1187 1708 AD
1210 1635 1483 1712 HuBRAEOS.

389 1821 651 1875 ARGUMENTUM.
925 1823 948 1882 Β
959 1823 1080 1892 gratiam
1095 1824 1185 1877 Deum
1201 1824 1311 1877 ridendi
1321 1828 1556 1894 promeruerunt:
1568 1822 1594 1877 Fi

161 1909 554 1980 (llier·.)lnprimisdicendum
563 1910 810 1980 esteurapostolus
820 1909 921 1962 Paulus
964 1912 1041 1965 vidit.
1058 1912 1180 1966 Dicendo
1192 1912 1267 1966 enim
1285 1933 1295 1963 r
1314 1913 1466 1966 multifarie
1481 1918 1509 1965 et
1524 1911 1594 1967 mull

93 1984 95 1990 Δ
118 1998 919 2071 inhacEpistoloscribendanonscrsaceritmoremsuum,
962 2000 1111 2070 significat,
1124 2001 1198 2071 qnod
1207 2000 1273 2054 alibi
1292 2001 1470 2055 dictumest:
1491 2021 1502 2051 ι
1520 2000 1594 2071 Ego=

124 2096 156 2143 ut
165 2090 207 2143 rel
216 2088 382 2142 vocabulum
392 2087 513 2142 nominis
524 2088 576 2151 sui,
589 2086 920 2140 relordinisdescriberet
963 2106 1011 2142 nes
1022 2089 1201 2160 multiplicari
1216 2097 1244 2144 et
1258 2091 1287 2143 in
1301 2090 1431 2144 manibus
1438 2089 1594 2161 propinetur

123 2179 297 2248 dignitatem.
315 2179 379 2233 llaec
402 2194 487 2230 cerusa
508 2183 551 2230 est
574 2177 647 2246 quod
667 2176 702 2229 ad
725 2192 772 2229 eos
797 2175 921 2229 scribens
963 2176 1108 2231 latussum
1124 2179 1260 2243 (Osann).
1275 2179 1395 2233 Proinde
1409 2195 1465 2233 non
1480 2176 1594 2233 secundi

124 2268 170 2337 qui
196 2285 228 2320 ex
249 2266 459 2321 circumcisione
483 2265 668 2328 crediderant,
696 2264 774 2335 quasi
794 2265 921 2334 gentium
963 2267 1020 2321 lum
1037 2267 1192 2320 eminentia
1220 2267 1289 2321 Nori
1313 2268 1486 2321 Testamenti
1513 2267 1594 2322 decla

124 2357 275 2425 apestolus
302 2373 357 2409 uon
381 2355 572 2413 llebraeorum,
589 2354 679 2407 sciens
694 2370 804 2424 quoquc.
823 2370 920 2406 eorum
964 2354 1089 2424 patribus
1104 2355 1216 2425 quidem
1233 2356 1380 2426 Prophetae.
1395 2355 1472 2409 missi
1484 2361 1561 2423 sunt,
1573 2372 1594 2410 n

123 2445 293 2516 superbiam,
322 2461 457 2514 suamque
488 2443 677 2497 humilitatem
713 2441 919 2507 demonstrem,
963 2442 1057 2510 Filius,
1074 2444 1122 2497 sed
1138 2445 1307 2515 etiamquod
1322 2444 1594 2515 prophetarumrelj

125 2534 255 2587 meritum
271 2533 354 2587 oflicii
369 2533 412 2586 sui
434 2533 525 2587 noluit
538 2532 656 2585 auferre.
675 2532 753 2584 Hanc
773 2547 838 2600 ergo
855 2531 920 2601 Epi·
962 2548 1026 2584 rum
1033 2532 1207 2586 nemonisiin
1216 2534 1445 2587 similitudinibus
1457 2533 1527 2587 vidit
1542 2535 1594 2588 Det

125 2623 224 2676 stolam
249 2623 338 2675 lemur
362 2622 512 2691 Apostolus
535 2622 568 2674 nd
585 2620 716 2674 llehraeos
735 2619 920 2690 conscriptam
960 2637 1025 2674 sero
1036 2621 1212 2692 unigenitum
1223 2622 1399 2677 incarnatum
1416 2639 1476 2676 esse
1495 2623 1594 2693 atquel

125 2710 262 2764 Hebraico
272 2711 368 2780 lingua
378 2710 497 2776 misisse,
509 2711 590 2779 euJus
599 2726 698 2763 sensus
706 2708 868 2762 etordinem
879 2725 921 2761 re·
961 2707 1051 2762 risum
1066 2715 1184 2771 constat,
1195 2727 1250 2780 qua
1260 2710 1424 2764 idemhomo
1434 2728 1451 2763 a
1459 2710 1543 2764 verbo
1553 2710 1594 2765 De

123 2800 216 2853 tincns
232 2801 319 2853 Lucus
338 2799 508 2869 evangelista
523 2805 587 2868 post
604 2814 746 2851 excessum
761 2797 840 2851 Pauli
856 2814 921 2867 apo·
963 2797 1124 2868 unigenitus
1132 2806 1175 2852 est
1182 2798 1268 2852 Filius
1276 2799 1404 2853 lleilmo
1412 2816 1475 2852 mox
1484 2796 1594 2852 addidit

123 2889 198 2959 stoli,
215 2892 310 2943 linceo
325 2905 454 2942 sermone
470 2887 635 2958 composuit.
962 2887 1016 2940 mis
1031 2887 1196 2941 diehusistis
1211 2888 1320 2942 locutus
1335 2893 1377 2941 est
1388 2887 1467 2941 nohis
1490 2886 1590 2943 insilio

381 3013 497 3068 CpPUT
512 3013 665 3067 PRIMUM·
734 3003 737 3007 ·
962 2979 1063 3030 cumin
1069 2980 1126 3043 filio
1133 2977 1310 3031 tantumdem
1321 2978 1404 3041 calet,
1413 2977 1493 3046 quasi
1504 2977 1594 3031 dicere

122 3107 238 3158 l’uailur
249 3106 407 3157 crccllcnliu
424 3103 535 3162 Christi,
547 3104 596 3170 qui
606 3107 642 3153 cst
661 3102 741 3153 dator·
759 3115 832 3153 noar
842 3103 916 3166 lepis,
961 3082 1042 3119 suum
1051 3082 1152 3136 ‘imam
1163 3073 1321 3136 praep⁰⁸¹t¹⁰
1330 3072 1527 3135 l'w'afflpnur’
1536 3081 1594 3120 ⁸¹⁰⁰

158 3178 237 3229 Patri
249 3180 395 3228 coeternus
411 3177 434 3226 ct
453 3174 654 3236 substantialis,
670 3173 782 3239 equalis
801 3172 832 3223 in
845 3142 950 3238 potc-G
961 3154 1217 3225 loeisl'l'ismlarum
1234 3156 1295 3224 ejus
1308 3154 1449 3208 issl'ssssitfls
1464 3153 1508 3206 his
1518 3170 1594 3225 praep

158 3253 225 3299 stuic
233 3252 256 3298 rt
265 3248 415 3312 dipm'tdtc:
426 3249 450 3297 ct
461 3245 532 3312 quod
544 3247 575 3296 in
584 3243 626 3296 his
638 3243 761 3297 Christus
769 3244 920 3310 prefertur
960 3241 1558 3298 indifferenteruti.TecuitadhucdeChristi
1564 3259 1594 3296 nc

157 3321 272 3384 “llll‘'ll'l·
962 3328 1594 3401 plurimosillorumsciehatnegassel'iliumDr

160 3447 170 3469 c
200 3422 351 3477 llultisarie
366 3421 517 3491 multisque
531 3419 621 3473 modis
634 3420 751 3490 loquens
765 3418 831 3472 olim
846 3419 921 3472 Deus
962 3421 1036 3474 enirn
1045 3420 1248 3474 dixitChrislus
1263 3421 1372 3473 locutus
1383 3426 1433 3483 est,
1442 3418 1569 3489 (quamvis
1578 3418 1594 3491 ip

125 3534 136 3561 ι(
153 3512 280 3583 patribus
295 3511 325 3564 in
340 3509 493 3581 prophetis.
514 3532 526 3558 a
549 3512 676 3576 (Joorrncs
687 3509 835 3576 Chrysen.)
851 3508 921 3561 Tota
962 3514 1023 3562 tum
1038 3515 1147 3562 constet
1159 3526 1219 3562 esse
1230 3508 1409 3562 manifestum
1425 3508 1437 3560 l
1453 3508 1492 3561 ita
1508 3506 1594 3562 necdu

123 3602 241 3656 intentio
250 3599 323 3654 beuti
331 3599 549 3670 Apostoliluitin
560 3596 920 3669 hacEpistolaadllebraeoS,
963 3603 1060 3668 aperto
1070 3598 1183 3651 nomine
1193 3597 1295 3668 tetigit.
1304 3598 1374 3651 Nam
1383 3597 1470 3650 lemae
1482 3613 1594 3650 omnes·

124 3691 152 3744 id
175 3695 218 3743 est
231 3694 345 3760 gentem
360 3706 450 3756 suam,
473 3689 509 3742 ad
525 3687 628 3742 Christi
652 3703 802 3741 convocare
825 3686 920 3751 fidem,
964 3687 1144 3764 phetelocuti
1156 3694 1231 3752 sunt,
1241 3680 1385 3756 'malignos
1393 3703 1454 3739 esse
1469 3686 1594 3741 nefarios

123 3779 361 3849 eminentiamque
369 3778 599 3849 gratiae,quceper
610 3774 785 3830 Filiumdata
796 3779 847 3840 est,
860 3774 922 3826 ale·
962 3775 1020 3837 bat,
1033 3782 1062 3829 et
1072 3777 1191 3829 necdum
1207 3776 1240 3829 cle
1255 3775 1316 3829 istis
1332 3776 1468 3828 rationem
1480 3791 1592 3830 movere

122 3868 232 3933 galibus
242 3867 401 3922 discerncre
412 3865 593 3936 umbrisque
601 3863 734 3933 angelicis
742 3861 923 3917 ministratio·
964 3863 1076 3917 interim
1086 3864 1256 3934 genemliter
1269 3864 1303 3917 de
1319 3864 1482 3917 muneribus
1496 3863 1594 3934 disput

123 3957 205 4011 nibus
218 3957 343 4010 luerunt.
356 3955 390 4008 Et
400 3955 533 4024 quoniam
539 3954 618 4006 valde
629 3952 726 4006 afflicti
736 3958 818 4005 erant
826 3950 921 4004 multis
963 3954 1056 4007 divina
1064 3954 1193 4023 largitate
1204 3952 1390 4006 donabantur.
1406 3954 1518 4016 «Quem
1525 3969 1594 4007 cons

123 4046 204 4098 malis
218 4061 279 4115 quae
297 4043 351 4097 illis
365 4043 534 4108 acciderant,
547 4048 576 4096 et
585 4042 665 4095 valde
674 4040 797 4105 contriti,
812 4045 844 4093 ut
856 4056 920 4110 pos·
965 4043 1053 4096 «dem
1063 4042 1265 4096 universorum.
1278 4043 1370 4105 »Qum
1380 4048 1423 4096 est
1433 4062 1446 4095 c
1455 4060 1539 4113 quem
1549 4059 1594 4097 cor

123 4140 224 4188 sentex
233 4134 285 4186 hoc
296 4138 394 4202 putare
405 4149 434 4185 sc
445 4131 592 4184 inferiores
603 4129 749 4184 cmterissc
761 4128 920 4182 miseriores
962 4131 1057 4184 redem
1069 4130 1284 4184 universorum?
1298 4149 1308 4179 r
1321 4130 1371 4184 llic
1383 4129 1594 4184 incarnatumdi

124 4223 257 4289 existere3
279 4220 402 4274 ostendit
416 4237 466 4291 per
477 4221 528 4273 hoc
542 4236 589 4273 eos
610 4219 700 4289 magis
711 4217 812 4288 majori
829 4217 921 4287 gratia
962 4220 996 4272 de
1011 4236 1066 4290 quo
1076 4219 1205 4289 superius
1220 4218 1328 4272 locutus
1338 4225 1390 4283 est,
1403 4219 1475 4272 sicut
1484 4217 1594 4272 etiamd

124 4311 239 4384 perfrui,
251 4315 322 4364 utex
331 4309 391 4381 ipso
399 4308 535 4363 sermonis
551 4308 631 4361 initio
640 4308 759 4375 erigeret
767 4306 920 4361 auditores.
964 4309 1054 4362 cundo
1066 4308 1169 4378 legitur
1184 4307 1292 4377 psalmo
1310 4326 1315 4360 :
1336 4327 1346 4357 r
1362 4308 1478 4362 Postula
1492 4324 1510 4361 a
1525 4323 1571 4361 me
1587 4324 1594 4360 r

124 4403 276 4472 Propterea
284 4397 612 4469 ergodicit:rhlult1lurie
619 4396 750 4450 etmultis
758 4396 923 4450 modisDeus
966 4417 979 4451 c
996 4403 1096 4468 gentes
1112 4398 1305 4452 haereditatem
1319 4404 1408 4451 tuam.
1428 4384 1516 4451 »Non
1527 4398 1588 4466 jam

124 4491 308 4545 olimloeutus
319 4495 362 4542 est
372 4462 953 4559 patribusnostrisinprophetis.rQuarcD
964 4487 1031 4541 mini
1046 4492 1158 4540 tantum
1173 4486 1266 4552 Jacob,
1284 4493 1311 4539 et
1335 4503 1395 4540 sors
1418 4487 1479 4557 ejus
1502 4486 1579 4541 solus

124 4580 274 4650 prophetas
285 4578 434 4633 nominans
446 4576 628 4646 semetipsum
642 4580 801 4629 contranon
812 4573 923 4645 posuit?
964 4593 1061 4630 omnes
1077 4575 1169 4646 potius
1186 4576 1314 4629 nationes
1327 4596 1332 4643 ;
1346 4577 1398 4629 hoc
1409 4582 1460 4641 cst,
1469 4575 1543 4629 hunc
1557 4574 1594 4630 Fi]

125 4669 262 4738 siquidem
285 4668 326 4721 eis
349 4673 428 4721 tanto
444 4667 535 4736 major
548 4663 684 4726 exstabat,
700 4670 805 4735 quanto
821 4663 845 4717 ei
861 4664 921 4717 sue·
962 4682 1031 4719 num
1043 4665 1188 4720 constituit
1201 4666 1413 4718 universorum:
1431 4664 1551 4718 haeredis
1565 4679 1594 4718 at

125 4762 169 4810 rat
184 4756 354 4826 dispensatio
377 4756 526 4810 commissa
539 4753 707 4826 preclarior.
728 4754 783 4808 Sed
800 4770 855 4807 non
870 4754 922 4807 hoc
963 4753 1084 4819 nomine,
1101 4757 1133 4807 ut
1147 4753 1202 4806 duo
1216 4753 1344 4822 quaedam
1359 4769 1409 4822 per
1431 4752 1484 4804 hoc
1504 4755 1594 4806 astrue

126 4845 207 4899 lecit:
228 4845 447 4915 primoquidem
466 4845 532 4916 quia
552 4846 586 4898 ile
601 4843 692 4914 seipso
706 4844 815 4913 majora
829 4842 921 4895 dicere
963 4845 1020 4908 dat,
1038 4842 1111 4913 quod
1127 4842 1255 4913 proprius
1270 4840 1307 4894 sit
1319 4840 1414 4907 Filius,
1432 4846 1460 4893 et
1474 4839 1548 4910 quod
1565 4838 1594 4894 dc

126 4934 272 4990 recusarit.
291 4934 417 4988 Secundo
432 4951 507 5001 vero,
525 4934 590 5004 quia
607 4932 727 4986 necdum
751 4936 832 4985 erant
845 4929 923 4983 audi·
963 4932 1002 4987 illi
1018 4932 1095 4986 nulla
1108 4933 1251 5002 contingat
1275 4931 1397 4984 amissio.
1420 4930 1568 4983 llzeredem
1592 4950 1594 4979 2

126 5031 201 5079 tores
222 5023 347 5094 perfecti.
372 5023 467 5076 Tertio
486 5028 591 5083 autem,
608 5021 674 5091 quia
700 5019 809 5074 volebat
826 5034 922 5072 corum
964 5021 1042 5074 nium
1058 5020 1132 5083 uicit,
1150 5021 1176 5074 id
1193 5025 1243 5080 cst,
1259 5020 1354 5074 mundi
1369 5018 1464 5072 totius.
1486 5017 1594 5071 Deinde

127 5120 234 5167 mentes
248 5113 356 5183 erigere
369 5116 398 5164 et
411 5112 557 5165 ostendere
568 5127 699 5180 inagnum
708 5125 768 5163 esse
778 5106 923 5178 presentis
965 5125 1122 5162 sermonem
1148 5108 1284 5162 convertit
1306 5108 1400 5160 dicens
1418 5125 1423 5158 :
1444 5126 1457 5157 c
1476 5106 1594 5177 Perque

127 5202 309 5255 eminentiam
323 5200 468 5271 temporis.
485 5200 578 5253 Veluti
599 5199 623 5252 si
646 5198 769 5251 diceret:
784 5195 856 5259 Quid
868 5213 924 5248 ma·
965 5198 1066 5250 scocula
1082 5217 1087 5250 :
1106 5215 1119 5249 a
1135 5204 1166 5251 ut
1181 5199 1342 5251 ostenderet
1355 5198 1486 5251 eumdem
1498 5194 1594 5250 novissi

126 5307 223 5357 gnum,
247 5291 270 5344 si
285 5291 439 5361 Prophetas
454 5289 533 5343 misit
556 5287 683 5360 patribus
697 5285 924 5341 nost1·is?Nohis
964 5285 1073 5339 venisse
1084 5285 1112 5338 in
1127 5286 1273 5351 mundum,
1290 5304 1340 5356 per
1365 5303 1448 5356 quem
1475 5284 1540 5338 fecit
1568 5288 1594 5338 et

127 5377 201 5430 enim
216 5381 360 5449 proprium
377 5379 480 5434 Filium
502 5376 679 5447 unigenitum
698 5374 784 5429 misit.
803 5374 837 5429 Et
852 5373 921 5428 bene
962 5374 1185 5444 Magnitudinem
1202 5377 1262 5445 ejus
1280 5375 1438 5438 ostendens
1455 5374 1504 5444 qui
1518 5372 1594 5428 suitl

45 5523 50 5538 ⁸
127 5464 195 5520 satis
206 5480 319 5520 exorsus
328 5475 379 5535 est,
394 5488 406 5515 r
423 5466 585 5530 multis-arie,
601 5464 702 5534 inquit,
714 5469 744 5518 et
752 5462 849 5518 multis
866 5480 923 5516 mo
965 5464 1053 5518 menti
1069 5464 1148 5517 labor
1161 5470 1190 5517 et
1202 5470 1300 5519 auctor
1316 5484 1320 5518 :
1338 5472 1402 5536 post
1416 5466 1473 5519 haec
1488 5462 1594 5535 quibus

127 5554 180 5615 dis,
197 5572 210 5607 a
227 5556 351 5610 ostendit
364 5557 441 5615 enim
453 5555 587 5629 quoniam
601 5542 692 5624 neque
705 5552 759 5626 ipsi
777 5553 923 5624 Prophetes
963 5553 1015 5609 bus
1030 5554 1173 5623 eleganter
1184 5558 1275 5617 utens,
1292 5554 1418 5625 pervenit
1436 5555 1470 5609 ad
1491 5553 1520 5608 id
1535 5569 1593 5626 quo
