3772 6120
64 281 135 342 1529
794 277 988 336 EPISTOLAE.
1488 322 1494 336 ,
1637 277 1709 338 1530

62 406 156 465 nostri
170 407 238 462 Jesu
254 403 359 460 Christi
374 418 429 458 non
443 401 662 458 confundamini.
675 401 870 457 Recordamini
878 406 901 464 Α
911 403 1018 469 dotum,
1031 403 1289 476 monachorumque
1301 405 1357 460 sive
1371 404 1568 461 canonicorum
1583 405 1727 476 agmina.

60 494 187 569 qualiter
200 493 298 548 doctor
311 492 439 564 gentium
455 490 490 544 de
505 490 656 561 semetipso
667 488 750 544 dicit':
765 489 818 545 «Si
833 507 865 544 ea
907 492 941 546 ad
955 491 1129 564 probandam
1143 510 1223 548 suam
1238 499 1342 549 sectam
1353 494 1437 549 liceat
1450 494 1513 559 sibi,
1525 500 1646 566 quatuor
1656 496 1707 549 do·

63 602 80 640 r
95 601 158 657 quae
169 581 402 639 destruxiiterum
412 579 560 646 reaedifico,
568 579 809 652 praevaricatorem
821 595 866 633 me
907 581 952 634 liis
966 598 1021 636 uno
1032 588 1190 652 postuuum
1201 583 1308 654 positis,
1321 590 1404 656 atque
1419 584 1582 655 singulatim
1593 583 1707 656 repletis

63 692 78 726 e
95 673 235 729 constituo
247 672 361 744 (Gutn,
371 669 424 735 18).
439 670 499 724 »Ec
514 669 651 724 attendite
666 669 805 741 quomodo
818 685 866 723 vos
908 670 1116 742 aquaferventi,
1129 673 1189 726 oleo
1201 672 1343 743 pingui,et
1352 673 1423 745 pice,
1436 680 1464 728 ct
1481 674 1580 728 ultime
1590 690 1707 730 accenso
1812 686 1822 696 “

61 762 126 820 eine
140 761 259 817 crimine
273 759 387 832 possitis
400 758 524 831 assequi
536 757 565 812 in
575 758 684 830 synodo
694 762 786 812 vestra
795 758 867 812 hanc
907 759 972 830 igne
982 760 1183 832 copiosissimo,
1195 763 1230 816 ad
1242 762 1414 833 probandam
1422 764 1602 818 traditionem
1612 768 1706 818 bans·

61 855 171 909 tedam
184 849 335 906 nefandam
350 847 433 902 simul
448 862 512 902 cum
525 847 656 902 haeretico
669 845 834 913 damnastis,
843 844 866 900 si
907 848 957 915 ire,
975 857 1008 903 ut
1021 849 1060 903 sic
1074 849 1208 921 probetur
1221 853 1282 921 ejus
1296 851 1475 923 professionis
1490 853 1592 907 veritus
1609 871 1614 906 :
1632 852 1706 923 quod

62 940 91 997 oi
103 939 188 995 ruodo
201 939 358 994 incorrecto
372 936 654 992 communicaveritis.
666 934 780 991 Debetis
791 934 866 990 enim
906 938 1462 1012 nominempraetercumitaoptasselegi.
1473 943 1609 996 Namtres
1615 942 1705 1013 pueri,

62 1033 238 1085 correctores
248 1042 310 1082 esse
320 1025 469 1092 malorum,
480 1040 536 1079 non
549 1028 691 1079 secutores
700 1022 865 1089 errantium,
907 1027 942 1081 de
955 1026 1055 1098 quibus
1068 1027 1097 1081 in
1112 1029 1226 1083 Daniele
1235 1030 1369 1102 scriptum
1385 1035 1437 1096 est,
1457 1031 1509 1085 hoc
1523 1036 1566 1085 est
1578 1030 1704 1096 Sidrach,

61 1123 97 1175 ut
109 1116 235 1172 officium
249 1120 378 1170 nostrum
395 1119 479 1186 atque
493 1113 621 1167 doctrina
634 1113 694 1167 sine
714 1112 866 1184 repreben·
907 1116 994 1171 Misac
1009 1121 1038 1170 et
1052 1117 1213 1188 Abilenago,
1230 1135 1286 1173 non
1309 1119 1395 1174 simili
1414 1119 1569 1190 pertinacia
1589 1136 1707 1175 examen

62 1207 144 1264 sione
158 1206 217 1272 tat,
236 1208 336 1260 ettam
351 1205 408 1258 Deo
423 1203 532 1274 placeat
546 1218 631 1273 quarn
641 1200 811 1256 homiuibus.
827 1202 867 1255 De
908 1204 981 1276 ignis
991 1206 1142 1277 petierunt,
1154 1208 1202 1262 sed
1214 1207 1302 1278 magis
1313 1209 1363 1262 Dei
1370 1208 1476 1279 judicio
1488 1208 1582 1265 omnia
1596 1225 1708 1265 servan·

62 1297 166 1350 cetero
180 1296 314 1365 agnoscat
327 1291 462 1347 sanctitas
476 1295 578 1356 vestra,
596 1290 670 1361 quod
693 1289 773 1344 illurn
787 1288 867 1345 libcl·
908 1300 961 1361 tes,
977 1295 1184 1366 responderunt
1199 1296 1258 1367 regi
1278 1297 1437 1368 Rabylonis,
1455 1298 1502 1369 qui
1522 1315 1570 1353 eos
1584 1303 1707 1354 statuam

63 1383 135 1451 lum,
149 1398 235 1455 quem
249 1381 284 1436 ad
299 1380 440 1453 simplices
453 1384 482 1434 et
491 1378 616 1433 reclusos
629 1378 659 1433 in
675 1383 772 1433 nostra
786 1395 867 1451 paro·
908 1399 1023 1439 auream
1031 1385 1188 1457 quemfecit
1197 1385 1316 1441 adorare
1327 1387 1461 1459 compulit
1469 1388 1609 1444 dieentes:
1621 1389 1708 1444 «Non

61 1472 128 1529 chia
142 1470 328 1526 consistentes
342 1475 441 1525 conus
453 1467 608 1525 Getescaloi
628 1484 752 1522 errorem
776 1467 866 1522 dicta·
911 1494 922 1524 ι
939 1478 1050 1545 oportet
1063 1491 1114 1529 uos
1128 1474 1163 1528 de
1178 1475 1231 1529 hac
1245 1491 1275 1529 re
1291 1475 1461 1547 respondere
1473 1475 1535 1530 tibi.
1551 1476 1620 1531 Ecce
1630 1477 1706 1532 enim

63 1560 126 1628 sus,
141 1558 293 1634 probatum
306 1557 406 1623 habeo,
416 1561 445 1612 et
458 1556 613 1611 secundum
629 1554 657 1610 id
668 1556 741 1628 quod
753 1555 790 1610 ibi
800 1556 866 1611 sori·
908 1577 922 1614 r
937 1561 1012 1617 Deus
1023 1569 1119 1618 noster
1132 1580 1216 1634 quem
1230 1562 1347 1618 colimus
1361 1568 1454 1634 potest
1473 1563 1582 1636 eripere
1606 1580 1657 1619 uos
1671 1564 1707 1620 dc

63 1653 146 1724 mm
160 1647 254 1721 reperi
266 1647 367 1704 sentio.
379 1647 419 1702 De
429 1644 585 1701 Gotcscalci
595 1649 690 1700 autem
700 1645 866 1717 pertinacis·
909 1667 923 1701 a
938 1649 1049 1705 camino
1059 1650 1133 1721 ignis
1143 1650 1277 1718 ardentis,
1287 1657 1316 1705 et
1326 1650 1498 1706 deruanibus
1509 1651 1566 1706 tuis
1575 1651 1706 1708 liberare.

64 1739 137 1796 aimo
150 1742 181 1793 et
192 1735 375 1809 incorrigibili
388 1751 484 1790 errore
503 1734 608 1806 aliquid
626 1739 724 1789 contra
743 1732 921 1827 scribereBr
939 1737 1019 1802 Quod
1034 1739 1199 1806 sinoluerit,
1217 1746 1315 1795 notum
1336 1739 1387 1795 tibi
1408 1741 1455 1807 sit,
1472 1739 1538 1811 quia
1559 1740 1626 1796 deos
1644 1746 1708 1797 tuos
1808 1790 1810 1795 .

63 1827 241 1901 superfluum
259 1825 364 1897 judico,
381 1823 447 1896 quia
460 1841 512 1879 nec
525 1827 691 1896 praesentem
706 1838 770 1878 eum
783 1840 800 1877 a
815 1840 867 1877 sua
909 1844 922 1878 o
936 1843 992 1882 uon
1002 1828 1128 1893 colimus,
1141 1832 1299 1884 etstatuam
1311 1846 1424 1885 auream
1437 1829 1642 1901 quamcrexisti
1652 1846 1710 1888 non

63 1915 192 1989 nequitia
208 1916 328 1970 avellere
339 1914 428 1987 potui,
444 1930 495 1969 nec
510 1913 593 1967 modo
608 1916 672 1985 post
687 1917 806 1967 vestram
819 1929 866 1966 sa·
909 1934 921 1966 a
938 1915 1088 1971 adoramus
1102 1917 1180 1985 (duo.
1199 1932 1239 1983 ur,
1256 1917 1310 1985 17).
1329 1936 1342 1970 a
1364 1918 1409 1973 Sic
1429 1918 1504 1973 enim
1523 1917 1566 1972 illi
1586 1935 1619 1974 ax
1642 1919 1708 1974 fidei

62 2021 131 2062 nam
145 1999 361 2078 correptionem,
375 2001 481 2074 aliquid
496 2018 596 2058 sanum
610 2000 640 2056 in
650 2001 711 2073 ejus
724 2017 808 2056 sensu
824 2016 867 2055 re·
907 2005 1041 2060 firmitate
1056 2010 1084 2060 et
1098 2005 1278 2078 professionis
1291 2006 1451 2061 humilitate
1465 2006 1500 2062 de
1514 2007 1578 2078 igne
1593 2006 1707 2064 liberari

63 2093 124 2168 peri
139 2113 146 2163 ;
161 2094 212 2149 sed
234 2093 395 2166 superbiam
413 2097 534 2147 tantum.
560 2089 703 2163 Superbus
723 2089 799 2145 enim
822 2095 866 2145 est
906 2099 1080 2160 meruerunt,
1096 2094 1252 2166 pertinacia
1266 2101 1359 2149 autem
1373 2095 1454 2150 istius
1467 2111 1550 2167 quem
1564 2096 1648 2150 finem
1659 2095 1710 2150 ha·

63 2182 149 2242 lloab
161 2183 252 2251 valde
269 2188 298 2238 et
309 2181 442 2255 superbia
455 2187 540 2253 atque
555 2179 717 2251 arrogantia
726 2180 787 2250 ejus
801 2180 865 2252 plus
904 2180 971 2237 beat
984 2182 1109 2253 ignotum
1126 2184 1216 2239 adhuc
1227 2188 1345 2238 constat.
1358 2183 1454 2238 Faciat
1464 2183 1598 2238 Dominus
1609 2184 1643 2238 de
1653 2183 1707 2240 hoc

63 2288 152 2346 quam
160 2270 296 2327 fortitudo
307 2273 376 2344 ejus.
390 2270 462 2336 Quid
474 2269 548 2325 enim
559 2274 658 2323 contra
668 2285 733 2324 eum
742 2268 864 2324 scribere
906 2271 979 2342 quod
990 2271 1093 2326 bouum
1101 2271 1138 2326 sit
1147 2272 1176 2326 in
1186 2272 1274 2328 oculis
1286 2273 1357 2343 ejus,
1370 2277 1398 2327 et
1409 2272 1508 2327 liberet
1516 2289 1567 2326 uos
1579 2271 1613 2326 ab
1628 2272 1705 2328 omni

62 2360 165 2428 babeo,
176 2361 225 2434 qui
235 2365 324 2417 totam
338 2359 500 2426 Ecclesiam,
512 2357 592 2431 quasi
612 2357 718 2429 aliquid
732 2374 864 2429 spurcum
905 2360 989 2427 malo,
1007 2367 1092 2433 atque
1108 2361 1240 2416 defendat
1251 2361 1286 2415 ab
1301 2361 1377 2416 omui
1391 2378 1495 2425 errore,
1510 2361 1612 2433 detque
1625 2360 1706 2416 uubis

64 2456 95 2506 et
113 2450 270 2518 sordidum,
293 2454 322 2504 et
345 2448 490 2520 indignum
506 2464 558 2502 sua
572 2445 739 2502 allocutione
758 2445 862 2518 abjicit,
905 2450 1116 2522 suagratiaper
1126 2450 1208 2505 fidem
1223 2456 1328 2505 rectam
1343 2457 1372 2505 et
1386 2449 1458 2505 bona
1473 2466 1557 2522 opera
1571 2455 1704 2505 aeternam

61 2556 147 2596 suam
162 2545 258 2594 autem
271 2537 440 2603 locutionem
464 2537 499 2592 ad
520 2537 613 2591 solum
630 2536 720 2592 Deum
737 2535 766 2590 in
787 2535 864 2591 coelis
905 2535 1107 2593 beatitudinem
1124 2540 1152 2594 in
1168 2545 1317 2611 conspectu
1337 2540 1398 2610 ejus
1412 2539 1575 2611 promereri,
1597 2545 1627 2594 et
1647 2539 1706 2595 rita

63 2629 262 2702 presidentem
285 2626 430 2694 convertit,
456 2625 603 2697 indignum
626 2641 678 2680 sua
698 2625 865 2680 allocutione
906 2626 1011 2699 perfrui
1026 2628 1198 2700 sempiterna

60 2717 196 2790 judicans
206 2716 376 2789 quiequidin
386 2721 463 2770 terra
473 2715 533 2770 est?
543 2714 630 2779 Quasi
646 2714 688 2768 fas
697 2713 735 2768 sit
743 2718 866 2768 contem-
942 2716 1007 2771 llaec
1019 2716 1079 2782 tibi,
1092 2717 1254 2773 charissime
1261 2717 1358 2783 stater,
1370 2718 1435 2772 licet
1444 2717 1549 2772 rustico
1561 2718 1644 2789 stylo,
1661 2721 1705 2772 la·

62 2806 123 2880 ptis
133 2805 266 2862 membris
276 2805 400 2878 corporis
410 2803 524 2871 Christi,
536 2804 571 2859 ad
586 2804 679 2876 ipsum
689 2808 773 2875 caput
781 2801 865 2857 verba
906 2821 971 2859 men
981 2805 1080 2860 devoto
1090 2806 1184 2861 animo
1193 2805 1299 2862 dictata
1309 2806 1392 2861 modo
1403 2806 1553 2861 sufficiant.
1563 2807 1704 2863 Caeterum

64 2895 200 2967 dirigere,
215 2911 281 2951 cum
291 2895 368 2950 nullo
378 2894 462 2949 modo
471 2898 556 2966 caput
570 2891 729 2947 amembris
740 2891 865 2965 separari
906 2893 1041 2959 seiasme,
1055 2895 1180 2967 quandiu
1192 2896 1295 2963 vixero,
1306 2912 1417 2968 semper
1433 2903 1563 2968 paralum
1577 2913 1639 2951 esse
1652 2900 1709 2952 tus

65 2985 166 3060 possit.
173 2985 263 3040 Nemo
273 2984 349 3039 enim
364 2982 489 3038 ascendit
502 2983 531 3038 in
555 2983 665 3050 coelum,
678 2981 731 3036 nisi
751 2981 797 3054 qui
820 2981 866 3035 de·
906 2983 1101 3054 obtemperare
1114 2984 1194 3040 bonae
1209 2985 1346 3039 voluntati
1360 2990 1389 3040 et
1398 3002 1472 3040 sanae
1485 2985 1643 3040 consentire
1653 2984 1706 3039 do-

62 3073 178 3131 mandit
190 3074 225 3128 de
232 3073 302 3128 coelo
311 3071 399 3128 Filius
417 3071 539 3127 hominis
549 3071 596 3143 qui
613 3077 655 3126 est
675 3071 704 3125 in
723 3071 802 3139 coelo,
819 3069 893 3151 quic
906 3071 1012 3127 ctriuae.
1025 3073 1160 3128 Dominus
1171 3074 1349 3145 omnipotens
1360 3074 1445 3129 faciat
1454 3091 1514 3141 nos,
1524 3073 1650 3144 quandiu
1659 3073 1705 3128 hio

65 3163 104 3219 ad
118 3162 232 3218 Patrem
239 3178 322 3218 suum
330 3177 423 3228 orans,
435 3161 470 3215 de
480 3160 624 3232 discipulis
631 3161 690 3215 suis
699 3160 755 3215 ait:
769 3179 782 3213 a
799 3161 866 3215 San·
906 3177 1013 3228 sumus,
1026 3161 1167 3217 vobiscum
1180 3170 1293 3234 gratum
1308 3165 1452 3218 seruitium
1466 3163 1507 3219 illi
1521 3163 1661 3229 exhibere,
1678 3167 1709 3218 et

67 3270 83 3306 r
98 3251 192 3308 ctissca
202 3267 250 3306 eos
258 3250 289 3307 iu
300 3250 426 3317 veritate,
436 3266 529 3305 sermo
539 3254 605 3304 tuus
615 3249 717 3303 veritas
726 3255 778 3304 est.
788 3249 867 3304 Sicut
907 3255 970 3321 post
982 3251 1137 3321 hujusvitae
1144 3253 1298 3307 terminum
1309 3253 1338 3307 in
1347 3269 1434 3324 regno
1445 3253 1550 3308 coelesti
1562 3259 1710 3325 perpetua-

64 3360 80 3396 «
96 3349 129 3397 tu
143 3357 189 3396 me
203 3340 307 3396 misisti
320 3340 350 3394 in
359 3339 505 3405 mundum,
515 3343 604 3410 etego
613 3337 677 3392 misi
690 3355 737 3393 eos
746 3339 776 3393 in
786 3355 867 3394 mun·
906 3338 972 3394 liter
986 3340 1119 3410 gaudere.

66 3449 82 3484 ι
97 3429 177 3498 dum,
190 3433 219 3484 et
228 3446 279 3502 pro
287 3446 328 3484 ers
338 3445 390 3501 ego
401 3428 543 3483 sanctifico
553 3427 702 3499 meipsum,
714 3431 747 3483 ut
758 3427 868 3499 possint
1175 3412 1224 3466 ΕΡ
1229 3413 1322 3467 15Το
1331 3413 1381 3466 LA
1408 3413 1439 3466 V·

64 3536 81 3575 ι
96 3523 128 3575 et
140 3519 195 3593 ipsi
207 3518 374 3574 sanctificari
387 3519 417 3573 in
432 3517 559 3572 veritate.
571 3517 634 3572 Non
648 3533 698 3588 pro
713 3516 758 3571 his
771 3521 867 3572 autem
1204 3517 1240 3554 ΑΙ)
1259 3515 1408 3567 ΝΟΤῐΝὓῦΜ,

64 3624 81 3663 e
96 3623 166 3680 rogo
180 3612 301 3674 tantum,
311 3607 360 3662 sed
371 3612 457 3679 etpro
467 3605 510 3661 lris
522 3605 569 3678 qui
586 3604 720 3660 credituri
737 3610 805 3660 suut
818 3621 868 3677 per
1040 3588 1108 3641 Cum·
1124 3590 1195 3643 ll'l'm
1210 3590 1241 3641 dc
1256 3590 1496 3643 Plfflffl'llall'fflll'
1513 3591 1568 3643 Μ·

64 3717 79 3748 ι
97 3695 213 3752 verbum
224 3693 865 3761 eoruminme.utomnesunumsint,sicuttu,
1204 3693 1248 3750 lllr
1265 3692 1412 3756 sirmondo.)

63 3803 79 3842 e
95 3786 191 3852 Pater,
203 3785 233 3840 in
243 3802 298 3852 me,
306 3790 335 3840 et
345 3801 396 3855 ego
406 3785 436 3839 iu
446 3788 484 3852 te,
497 3789 525 3839 et
535 3789 568 3839 ut
576 3782 629 3856 ipsi
643 3784 672 3838 in
686 3781 766 3838 nobis
779 3798 867 3838 unum
943 3785 1010 3839 Viro
1025 3781 1176 3838 venorabili
1190 3786 1218 3836 et
1233 3782 1309 3836 omui
1333 3782 1447 3836 nomine
1470 3780 1634 3853 dignissimo
1653 3782 1709 3836 No·

63 3893 80 3929 e
95 3875 164 3942 sint,
175 3873 313 3930 utcredat
327 3873 450 3929 muudus
466 3874 533 3946 quia
547 3879 578 3928 tu
593 3889 638 3927 me
653 3872 765 3939 misisti,
777 3878 867 3944 elego
908 3891 988 3931 rruuo
1003 3873 1090 3928 electo
1106 3870 1235 3943 episcopo
1247 3869 1379 3925 Rabanus
1401 3871 1429 3924 iu
1446 3871 1557 3925 Christo
1576 3870 1707 3924 salutem.

63 3979 80 4018 ι
96 3962 256 4020 claritatem
267 3979 352 4036 quam
362 3962 462 4017 dedisti
471 3962 539 4017 mihi
548 3962 612 4018 dedi
618 3963 667 4029 eis,
676 3968 708 4017 ut
714 3963 771 4017 sint
779 3977 867 4016 unum
943 3965 1049 4035 Nuper,
1058 3961 1169 4032 quando
1180 3960 1215 4015 ad
1229 3959 1645 4032 serenissimumimpcratorem
1653 3960 1709 4014 Lu·

65 4072 79 4107 a
96 4052 172 4109 sicut
182 4058 211 4108 et
224 4068 276 4107 nos
290 4068 378 4108 unum
390 4067 497 4113 sumus,
512 4068 564 4123 ego
578 4052 608 4107 in
623 4051 664 4106 eis
678 4057 707 4105 et
722 4056 752 4106 tu
766 4051 796 4105 in
811 4067 866 4118 me,
908 4052 1036 4107 doricum
1052 4050 1080 4105 in
1095 4049 1216 4105 transitu
1228 4049 1411 4122 expeditionis
1423 4049 1532 4105 hostilis
1543 4048 1711 4121 inpagoLo·

66 4160 80 4193 ι
95 4146 131 4197 ut
138 4141 196 4196 sint
204 4140 390 4197 consummati
399 4141 428 4196 in
438 4157 536 4207 unum,
547 4145 580 4196 ut
589 4139 867 4212 cognoscatmundua
907 4159 987 4215 gaure
1001 4139 1112 4205 venisti,
1128 4146 1157 4194 et
1173 4140 1276 4194 ibidem
1295 4157 1406 4195 mecum
1431 4141 1541 4195 locutus
1558 4139 1593 4194 de
1610 4137 1710 4193 laeresi

66 4249 81 4285 a
98 4230 166 4303 quia
178 4235 210 4285 tu
224 4246 269 4285 me
282 4229 392 4296 misisti,
405 4235 434 4285 et
448 4229 570 4285 dilexisti
581 4246 628 4284 eos
641 4229 714 4284 sicut
732 4234 761 4284 et
770 4245 815 4284 me
827 4229 868 4283 di·
909 4247 993 4303 quam
1009 4230 1123 4302 quidam
1134 4230 1168 4284 de
1179 4229 1426 4301 praedestinatione
1432 4230 1482 4284 Dei
1492 4229 1588 4300 inique
1598 4234 1711 4283 conten·

66 4339 80 4372 ι
97 4319 201 4375 lexisti.
217 4320 310 4386 Pater,
328 4335 398 4390 quos
411 4319 512 4374 dedisti
536 4318 605 4373 mihi
628 4319 689 4374 rulo
709 4325 741 4373 ut
754 4317 802 4373 ubi
817 4334 869 4389 ego
910 4321 990 4386 dunt,
1008 4324 1134 4373 errantes
1149 4325 1178 4372 et
1190 4318 1258 4373 alius
1269 4319 1297 4373 in
1310 4336 1434 4373 errorem
1445 4318 1598 4382 mittentes,
1607 4332 1711 4371 sermo·

67 4423 170 4474 «sum,
194 4412 224 4462 et
246 4407 287 4461 illi
308 4407 366 4461 siut
384 4423 504 4473 mecum,
524 4412 556 4461 ut
576 4406 688 4461 videant
711 4406 869 4461 claritatem
910 4427 974 4465 uem
989 4406 1122 4473 habuisti,
1139 4407 1268 4461 conuenit
1283 4408 1357 4461 inter
1371 4424 1422 4462 nos
1436 4415 1467 4461 ut
1484 4424 1498 4461 e
1521 4405 1622 4459 divinis
1638 4404 1711 4461 Scri·

67 4514 81 4548 r
98 4511 203 4562 meam,
220 4511 304 4568 quarn
316 4494 418 4550 dedisti
435 4495 514 4561 mibi,
528 4495 595 4566 quia
607 4495 727 4550 dilexisti
742 4499 868 4549 meante
909 4498 1010 4572 pturis,
1027 4496 1104 4551 etde
1120 4496 1337 4550 orthodoxorum
1354 4496 1467 4550 Petrum
1480 4494 1638 4560 sententiis,
1655 4493 1709 4548 ali-

67 4603 82 4637 (
98 4584 329 4640 constitutionem
342 4584 440 4640 muudi
452 4587 542 4654 [loon.
554 4598 621 4651 xvir,
637 4584 689 4653 ll).
707 4583 869 4656 »Quisquis
910 4587 983 4659 quod
999 4584 1164 4657 opusculum
1179 4586 1353 4650 conficerem,
1372 4584 1407 4638 ad
1427 4583 1648 4661 convincendum
1670 4599 1713 4638 er·

66 4673 145 4730 enim
166 4677 269 4729 sanctes
291 4674 421 4729 Ecclesiae
448 4673 621 4728 salutiferam
643 4673 868 4729 communionem
910 4673 1278 4744 roremeorumquideDco
1292 4673 1364 4727 bono
1378 4675 1495 4744 etjusto
1510 4673 1713 4746 ternaequiter

66 4762 173 4818 habere
182 4761 295 4834 poterit,
306 4762 373 4833 quia
381 4763 440 4835 ipse
449 4763 484 4818 ud
495 4763 597 4817 electos
609 4779 675 4817 suos
684 4762 713 4817 in
720 4762 869 4834 Evangelio
910 4760 1712 4834 sentiunt,utdicantejuspredestinatiouemfacere,quod

66 4851 129 4908 ait:
149 4868 163 4902 e
180 4851 234 4916 Qui
248 4867 296 4906 vos
311 4851 390 4907 audit
399 4869 444 4906 me
455 4851 543 4919 audit,
556 4857 585 4906 et
595 4852 696 4924 quivos
706 4852 814 4924 spernit
823 4868 869 4905 me
909 4870 961 4909 nec
976 4852 1059 4907 horno
1075 4851 1211 4906 advitam
1225 4852 1440 4924 predestinatus
1454 4853 1580 4923 possitin
1590 4856 1710 4907 mortem

70 4960 82 4992 r
101 4940 212 5013 spernit
223 4941 300 5011 (Luc.
317 4956 345 5004 x,
360 4937 413 5009 16).
430 4960 444 4993 a
461 4942 520 4996 lloc
535 4947 630 4996 eutem
644 4942 718 5013 quod
734 4942 808 4996 idem
824 4957 869 4995 er·
911 4942 1104 5005 incideretur
1119 4941 1154 4995 ad
1171 4941 1512 5012 mortempraedestinatus
1523 4942 1580 4995 ullo
1591 4940 1711 4995 modose

67 5045 183 5096 roneus,
195 5028 274 5101 quasi
286 5029 419 5085 achum
430 5030 559 5102 loquens,
572 5030 643 5102 petit
653 5047 770 5085 examen
785 5029 868 5101 ignis,
911 5030 1000 5103 possit
1015 5030 1049 5083 ad
1071 5029 1157 5083 ritam
1176 5045 1342 5100 recuperare
1359 5047 1365 5082 :
1381 5046 1443 5083 cum
1464 5035 1561 5083 auctor
1584 5027 1711 5083 omnium

67 5124 101 5175 ut
113 5134 165 5191 per
175 5117 245 5173 illud
259 5118 363 5173 veritas
375 5119 436 5190 ejus
445 5119 519 5185 fidei,
527 5120 584 5174 imo
592 5120 725 5192 perfidiae,
742 5136 870 5192 compro·
912 5135 1006 5175 rerum
1022 5123 1051 5173 et
1069 5118 1198 5172 conditor
1211 5124 1376 5172 naturarum
1396 5119 1480 5182 Deus,
1500 5117 1605 5172 nullius
1620 5117 1710 5172 ruinae

66 5206 162 5274 betur,
179 5207 270 5277 magis
284 5207 353 5261 mihi
363 5207 517 5262 rideturex
532 5208 652 5263 elatione
671 5209 761 5262 cordis
780 5209 871 5280 prola·
911 5217 996 5281 atque
1006 5207 1138 5262 interitus
1148 5224 1232 5262 causa
1244 5207 1289 5273 sit,
1297 5206 1592 5276 sedmultorumorigo
1600 5205 1708 5260 salutis.

66 5300 129 5351 tum
142 5311 214 5362 esse,
226 5311 311 5368 quam
320 5313 352 5350 ex
364 5297 522 5351 constantia
532 5298 607 5352 fidei.
621 5298 708 5368 Optat
718 5298 871 5369 enim,post
912 5297 1031 5353 Proinde
1042 5297 1136 5367 accipe
1148 5312 1222 5350 nunc
1233 5296 1407 5367 opusculum,
1418 5295 1490 5366 quod
1502 5294 1551 5348 tibi
1562 5309 1710 5364 rogaveras

65 5383 274 5458 blasphemiam
282 5401 366 5456 quam
380 5386 592 5457 impudentiore
603 5386 869 5458 protulit,utcoram
912 5403 929 5440 a
943 5391 1038 5441 nostra
1055 5385 1205 5455 exiguitate
1215 5384 1313 5438 confici
1330 5403 1335 5436 :
1354 5384 1418 5438 etsi
1434 5384 1500 5455 quid
1514 5383 1543 5437 in
1556 5401 1588 5438 eo
1598 5389 1711 5456 gratum

67 5474 194 5546 undique
208 5475 326 5529 collecta
340 5475 506 5547 populorum
526 5475 716 5539 multitudino,
732 5481 870 5546 praesente
912 5483 996 5547 utque
1011 5474 1147 5530 catholico
1162 5490 1245 5528 sensu
1269 5473 1429 5544 explicitum
1446 5474 1594 5544 repereriS,
1616 5474 1640 5529 ei
1660 5474 1712 5529 hoc

66 5564 155 5620 etiam
166 5563 245 5636 regni
256 5563 389 5637 principe,
402 5565 486 5621 simul
496 5582 559 5622 cum
570 5564 734 5637 pontificum
744 5568 772 5618 et
782 5581 870 5619 sacer·
911 5565 1029 5631 tribuas,
1047 5582 1064 5618 a
1077 5580 1132 5635 quo
1144 5579 1226 5617 omne
1240 5561 1345 5618 bonum
1357 5581 1417 5617 esse
1427 5564 1511 5631 nosti,
1519 5581 1619 5636 meque
1628 5581 1712 5619 nore·
