3772 6120
24 302 30 311 ·
130 282 182 340 dib
424 287 454 340 B.
476 283 611 339 RABANI
630 284 745 340 naum
764 284 932 340 ARCHIEP.
952 283 1115 339 MOGUNT.
1136 284 1285 340 OPERUM
1303 283 1395 340 PARS
1414 285 1464 341 111.
1710 284 1764 344 376

129 410 234 466 idcirco
244 411 408 466 conceditur
420 411 493 476 vita,
505 415 538 464 ut
547 409 608 480 jara
620 409 696 478 juste
711 427 863 477 versemur,
880 410 1037 480 ex-Alege,
1048 410 1109 464 sine
1118 409 1276 481 Evangelio,
1288 409 1348 464 sine
1365 409 1516 464 Salvatoris
1531 416 1560 464 et
1569 412 1763 482 apostolarum

129 499 926 571 emplumdantesgentibusntanncarinaaduenientem
967 499 1103 562 doctrina,
1118 499 1284 552 naturaliter
1296 499 1366 553 dixit
1375 504 1405 553 et
1417 498 1492 565 iecit,
1509 499 1577 571 quid
1587 516 1638 554 nos
1653 508 1765 572 oportet

129 589 379 659 [idei.(Aug.)Quos
389 587 745 653 eumcredendumcst,nisi
752 588 927 643 Christianos
966 587 1068 654 iacere,
1083 587 1112 641 in
1134 604 1254 658 quorum
1271 587 1534 643 condemnationem
1548 588 1633 643 habet
1648 595 1677 643 et
1691 591 1765 646 luno

128 675 928 747 significare?Omnibusenimparidilectionevitaaeterna
966 676 1090 731 univiras
1112 682 1141 730 et
1170 677 1256 731 Vesta
1287 676 1418 747 virgines,
1450 682 1478 730 et
1497 677 1554 731 aha
1577 677 1653 733 idola
1678 680 1768 735 conb-

129 767 251 837 optando
263 771 323 821 est:
341 766 390 820 sed
401 783 457 820 non
467 765 598 819 omnibus
607 765 706 820 eadem
721 771 839 837 possum
851 766 927 820 exhi·
967 766 1083 820 nentes?
1111 766 1214 821 Beatus
1241 766 1364 820 loannes
1381 766 1568 836 Evangelista,
1582 783 1646 822 cum
1663 769 1765 841 Ephesi

128 853 352 910 beiidilectionis
367 856 468 910 officia.
482 854 927 926 (Amnnverumest,quiasaei-
966 860 1127 908 moraretur
1140 871 1229 925 usque
1248 854 1284 908 ad
1312 854 1441 908 ultimam
1469 861 1652 922 senectutem,
1679 862 1709 911 et
1721 858 1766 913 vix

127 944 212 998 liores
226 951 255 999 et
269 945 463 1016 propensiores
472 945 501 999 in
512 943 584 998 bono
592 943 927 999 cireasratresessedebe-
966 943 1041 997 inter
1054 943 1254 1014 discipulorum
1273 959 1374 997 manus
1385 944 1420 997 ad
1436 944 1583 999 ecclesiam
1597 945 1764 1014 deterrenti,

128 1049 205 1088 mus:
216 1032 652 1105 quiainn‘cemsumusmembra.
661 1033 795 1104 (Hieron.)
804 1033 926 1104 Tempus
967 1048 1018 1086 nec
1032 1037 1127 1104 posset
1139 1033 1169 1086 in
1188 1032 1269 1104 plura
1295 1048 1391 1086 vacem
1415 1033 1500 1087 verba
1523 1039 1681 1101 contexere,
1696 1035 1765 1090 nihil

128 1122 271 1189 sementia,
282 1129 316 1178 ut
337 1124 467 1185 diximus,
486 1129 597 1194 tempus
616 1128 659 1176 est
677 1137 809 1193 praesens,
827 1127 856 1176 et
868 1121 926 1175 vita
966 1121 1042 1175 aliud
1056 1138 1107 1192 per
1127 1121 1251 1192 singulas
1273 1121 1381 1176 solebat
1406 1122 1531 1192 proferre
1558 1122 1699 1190 collectas,
1712 1125 1767 1179 nisi

128 1228 212 1284 quam
228 1214 376 1267 currimus.
401 1213 433 1266 In
448 1212 501 1265 hac
515 1213 581 1265 licet
604 1211 684 1265 nobis
709 1212 783 1283 quod
799 1212 926 1266 volumus
966 1210 1019 1264 hoe
1031 1211 1585 1278 :lilioli,diligitealterutrarn.Tandem
1596 1211 1727 1284 discipuli
1737 1220 1767 1268 et

129 1302 286 1367 seminare3
299 1318 364 1356 eum
374 1301 496 1355 istavita
505 1300 660 1368 transierit,
671 1300 806 1371 operandi
815 1306 926 1370 tempus
966 1298 1077 1364 fratres,
1094 1299 1142 1370 qui
1157 1299 1284 1365 aderant,
1296 1299 1379 1354 taedio
1387 1300 1488 1367 allecti,
1497 1300 1571 1371 quod
1584 1301 1684 1355 eadem
1693 1318 1767 1357 sem-

127 1389 280 1444 auieretur.
307 1390 387 1444 Unde
402 1395 431 1443 et
445 1389 574 1444 Salvator
583 1388 641 1442 ait:
670 1389 841 1457 Operarnini,
857 1390 926 1442 dum
967 1388 1166 1460 peraudirent,
1178 1388 1324 1442 dixerunt:
1339 1389 1483 1459 Magister,
1492 1405 1579 1461 quare
1593 1392 1766 1462 semperhoc

126 1479 224 1532 dieresi
235 1481 339 1534 :reniet
351 1495 414 1545 noc,
424 1480 601 1547 qnandojam
608 1480 809 1546 nallrnpoterit
815 1479 927 1546 operari
967 1477 1106 1549 loqueris?
1116 1477 1169 1542 Qui
1181 1476 1326 1548 respondit
1338 1477 1452 1548 dignam
1463 1478 1570 1532 Joanne
1581 1481 1762 1535 sententiam:

128 1570 218 1634 (loen.
237 1571 286 1636 rx).
299 1567 385 1622 Ortus
400 1572 443 1620 est
456 1566 537 1620 nobis
548 1566 599 1621 Dei
616 1582 718 1632 sermo,
731 1566 772 1620 sol
791 1583 881 1631 verus,
897 1571 926 1619 ot
967 1567 1038 1634 Quia
1045 1571 1211 1636 preceptum
1223 1567 1338 1620 Dorrn'ni
1346 1571 1393 1634 est,
1410 1573 1434 1621 et
1449 1570 1474 1620 si
1483 1571 1574 1622 scirem
1583 1570 1765 1637 tlatnafflcit.

125 1661 301 1726 congregatae
316 1661 383 1711 sunt
392 1654 488 1710 bestiae
497 1656 527 1710 in
537 1655 641 1709 cubilia
656 1671 724 1709 sua:
741 1655 925 1727 procedamus
967 1656 1026 1709 Hoc
1039 1661 1155 1726 propter
1180 1672 1303 1726 praesens
1321 1656 1449 1726 Apostoli
1465 1657 1648 1711 mandatum:
1672 1658 1766 1728 Opere-

125 1752 158 1799 ut
171 1745 299 1799 homines
313 1745 349 1799 ad
364 1762 434 1817 opus
447 1751 585 1812 nostrum,
602 1749 631 1798 et
640 1744 770 1815 usquead
779 1761 924 1815 vesperam
934 1733 958 1793 B
970 1762 1035 1799 rnar
1049 1746 1151 1799 banton
1167 1747 1313 1810 adomnes,
1324 1748 1446 1798 manime
1455 1750 1548 1799 autem
1562 1747 1600 1800 ad
1609 1748 1766 1802 dementem

124 1833 294 1901 laboremus,
315 1835 388 1889 sicut
415 1834 532 1906 mystice
552 1834 664 1888 canitur
692 1834 722 1887 in
741 1833 862 1904 psalmo:
879 1835 926 1887 Po·
967 1836 1040 1902 fidei.

80 1956 84 1963 ·
125 1926 208 1978 ruisti
223 1926 379 1978 tenebraret
389 1924 464 1991 lacta
474 1926 511 1976 est
526 1939 589 1977 naa.
603 1924 926 1991 lniprapertransibnnt
1008 1925 1095 1977 Videte
1119 1925 1249 1991 pacalibus
1264 1926 1366 1977 litteras
1381 1926 1481 1992 scripsi
1496 1926 1569 1978 vobis
1588 1941 1649 1979 mea
1665 1942 1764 1981 enarra.

127 2014 214 2066 bestie
225 2015 309 2079 silve,
325 2015 413 2066 catilli
435 2015 545 2066 tecnam
562 2013 712 2079 rapientes,
726 2016 756 2065 nt
773 2014 887 2079 rapiant
901 2017 925 2065 et
967 2011 1192 2082 (Amb.)0bediri
1207 2012 1266 2066 vult
1279 2012 1381 2066 litteris
1394 2013 1446 2066 his.
1459 2012 1511 2067 Ubi
1522 2014 1597 2067 enim
1612 2014 1765 2087 olographa

125 2103 348 2170 qrraeranramo
362 2115 449 2154 eseam
461 2102 523 2155 sibi.
538 2102 620 2156 Ortus
631 2105 668 2154 est
677 2103 717 2154 sat
732 2105 756 2154 et
767 2101 926 2168 eortprepati
966 2117 1067 2155 manus
1082 2106 1133 2165 est,
1152 2101 1254 2154 salsum
1282 2101 1337 2154 dici
1358 2118 1414 2156 non
1436 2107 1546 2172 potest;
1575 2103 1695 2158 neforte
1710 2105 1765 2157 cir-

123 2195 200 2256 sunt,
217 2195 240 2245 et
253 2192 285 2243 in
302 2192 439 2244 rabilibus
453 2189 926 2256 saisdormierant.lipredietarleo-
967 2191 1107 2245 cumventi
1130 2196 1295 2244 excusarent
1313 2191 1348 2244 de
1374 2190 1509 2262 Epistola,
1523 2192 1603 2262 quasi
1631 2197 1683 2246 aut
1696 2193 1767 2248 falsa

124 2296 169 2332 mo
185 2280 399 2348 adonaisama
415 2280 925 2347 etadopcrasaausqneadeesperam
967 2283 1049 2339 esset,
1075 2284 1125 2332 aut
1143 2295 1199 2332 non
1222 2284 1297 2333 esset
1324 2279 1459 2351 Apostoli,
1476 2280 1603 2334 nolentes
1625 2297 1655 2335 se
1669 2298 1765 2353 repre·

123 2369 208 2437 (Psal.
225 2376 289 2435 cnr).
313 2367 375 2422 Sive
395 2367 574 2437 aegrotamus,
590 2366 646 2421 sive
665 2366 727 2421 sani
750 2383 855 2432 sumus,
872 2367 925 2421 hu·
967 2367 1061 2421 hendi.
1075 2368 1212 2436 (Hieran.)
1228 2367 1265 2420 Hi
1275 2367 1322 2438 qui
1337 2367 1764 2435 circumcidiGalatasvolebant,

125 2457 216 2523 miles,
239 2457 281 2510 vel
298 2461 436 2528 potentes,
467 2473 615 2527 pauperes,
640 2456 749 2521 divites,
777 2455 923 2526 ignobiles,
967 2456 1218 2511 disseminaverant
1241 2456 1298 2509 alia
1324 2456 1443 2510 Paulum
1464 2457 1566 2524 iacere,
1593 2457 1649 2512 alia
1663 2459 1765 2530 praedi·

126 2545 267 2608 honorati,
303 2545 458 2599 esurientes
486 2551 571 2616 atque
600 2550 752 2611 vescentes,
777 2545 873 2599 omnia
895 2545 924 2601 in
965 2550 1173 2611 care,etsuum
1187 2561 1271 2616 opere
1285 2544 1430 2600 destruere
1446 2562 1614 2614 sennonem,
1631 2547 1766 2619 quodqui

126 2634 239 2688 nomine
250 2634 361 2687 Domini
383 2649 447 2686 cum
462 2634 599 2704 patientia
609 2638 638 2687 et
656 2634 865 2704 aequanimitate
882 2634 924 2688 fa·
965 2633 1055 2703 legem
1071 2640 1210 2688 assereret
1225 2632 1368 2698 abolitam,
1390 2635 1450 2705 ipse
1466 2635 1677 2690 invenireturin
1693 2637 1764 2706 lege.

124 2723 241 2784 ciamus,
258 2728 286 2775 et
301 2722 464 2792 implebitur
477 2722 506 2775 in
521 2720 601 2776 nobis
615 2722 695 2785 illud,
707 2723 924 2793 quodscriptum
966 2723 1045 2777 lianc
1060 2723 1231 2795 opinionem,
1241 2721 1309 2792 quia
1323 2729 1497 2793 nonpoterat
1507 2724 1610 2778 Paulus
1619 2725 1695 2796 apud
1704 2741 1766 2779 om·

124 2812 925 2881 est:Ditipentibnsautcmltominamomniecoaperantur
964 2827 1015 2866 nes
1029 2828 1151 2883 praesens
1170 2811 1341 2877 subvertere,
1360 2812 1561 2882 prohibebatur
1583 2814 1687 2884 quippe
1704 2814 1766 2868 vin—

124 2903 158 2955 in
169 2899 574 2970 bonum.lraipsactlibido,et
583 2899 696 2969 injuria,
705 2916 767 2970 quae
780 2898 926 2957 desiderat
965 2901 1044 2965 culis,
1069 2917 1131 2972 quae
1145 2900 1180 2954 ob
1200 2901 1303 2955 Christi
1324 2902 1491 2973 martyrium
1523 2902 1688 2970 sustinebat,
1718 2920 1765 2957 se·

125 2988 378 3054 ultioneni,sin1e
407 2988 561 3054 refrenem,
584 2987 607 3042 si
627 2994 742 3059 propter
765 2989 855 3043 Deum
878 2997 923 3043 ta-
965 2990 1057 3062 ipsum
1072 3007 1123 3061 per
1133 2990 1242 3044 litteras
1251 2996 1444 3062 repraesentat.
1463 2991 1497 3045 Et
1507 3008 1542 3045 ne
1552 2991 1647 3062 aliqua
1660 3008 1766 3065 suppo-

123 3095 212 3145 ceam,
222 3077 246 3131 si
261 3077 446 3148 persingulas
457 3069 656 3132 commotionis'
669 3078 781 3131 aculeos
792 3079 922 3133 etincen·
934 3054 1025 3135 Csitae
1042 3079 1170 3149 Epistola
1196 3079 1316 3152 suscipio
1332 3086 1504 3146 nasceretur,
1520 3080 1555 3134 ob
1574 3081 1626 3134 hoc
1641 3081 1703 3135 loeo
1717 3098 1766 3135 us-

124 3167 181 3221 tiva
194 3166 335 3232 vitiorum,
361 3167 412 3221 Dei
438 3167 558 3237 desuper
572 3184 618 3220 me
640 3167 761 3221 videntis
782 3169 922 3234 recorder,
965 3168 1065 3239 quead
1087 3169 1172 3223 finem
1182 3185 1268 3223 manu
1282 3186 1333 3224 sua
1347 3169 1407 3240 ipse
1431 3169 1602 3241 prescripsit,
1614 3170 1767 3225 ostendens

124 3257 197 3311 liunt
216 3256 286 3309 mihi
316 3255 424 3310 occasio
454 3255 672 3326 triumphomm.
697 3256 740 3310 Ne
758 3256 924 3311 dicamusin
964 3257 1110 3329 superiora
1124 3257 1159 3311 ab
1173 3257 1228 3339 alio
1240 3265 1362 3312 exarata.
1380 3259 1459 3322 Quod
1475 3265 1570 3313 autern
1585 3258 1636 3312 sub
1650 3260 1765 3314 nomine

122 3344 285 3414 largiendo:
303 3343 353 3398 Ille
363 3350 407 3398 est
416 3344 532 3407 amicae,
540 3344 870 3399 huncnesciozhicdebet
879 3363 924 3401 ac·
964 3347 1026 3416 ejus
1046 3363 1065 3399 a
1078 3345 1155 3400 falsis
1178 3346 1339 3401 doctoribus
1364 3347 1494 3418 Epistola
1522 3347 1712 3415 mitterentur,
1728 3349 1765 3403 ad

123 3433 225 3504 cipere,
248 3434 301 3488 istc
323 3433 473 3488 contemni.
499 3432 648 3487 Imitemur
662 3434 775 3488 Patrem
794 3440 921 3489 nostrum
962 3435 1223 3491 Thessalonicenses
1239 3437 1536 3507 quoquedemonstrat
1551 3435 1675 3491 scribens
1692 3454 1700 3488 :
1715 3440 1765 3493 lla·

123 3526 173 3593 qai
186 3527 362 3578 salemonem
377 3525 451 3576 oriri
464 3524 532 3590 tacit
552 3539 635 3591 super
651 3525 731 3577 banos
746 3528 769 3575 et
786 3527 881 3590 matos,
897 3529 922 3578 et
961 3528 1167 3592 parnnrantcm
1196 3541 1250 3590 cos,
1270 3526 1382 3593 fratres,
1402 3541 1454 3594 prr
1469 3527 1619 3579 Maeniam
1648 3528 1765 3581 domini

120 3615 196 3681 plait
206 3627 289 3680 snper
295 3615 385 3681 justos
393 3610 780 3680 etinjmtostldattlr.v).l'0ns
789 3610 922 3666 bonitatis
963 3615 1054 3666 riustri
1065 3616 1128 3666 lesa
1144 3613 1277 3667 Christiet
1293 3619 1392 3668 nostre
1406 3616 1626 3681 conprepationis
1642 3617 1673 3668 in
1690 3617 1764 3685 idip-

123 3700 252 3755 omnibus
268 3706 347 3772 patet
361 3719 366 3753 ε
379 3717 475 3754 servus
492 3706 521 3754 et
533 3698 612 3766 liber,
629 3699 755 3770 plebeius
764 3706 792 3754 et
804 3717 861 3767 rex,
878 3701 922 3755 di·
962 3716 1034 3769 sant,
1044 3706 1075 3754 at
1087 3717 1143 3755 non
1153 3704 1383 3756 eitomeeeamini
1391 3719 1408 3756 a
1417 3706 1764 3769 cestrosenrnneeterrea·

121 3806 169 3844 ves
180 3795 209 3844 et
224 3805 340 3861 pauper,
357 3806 390 3843 ex
405 3806 438 3844 eo
453 3788 582 3843 similiter
595 3788 704 3843 bibunt.
715 3789 843 3844 Lucerna
856 3806 921 3844 cum
961 3792 1046 3858 mini,
1058 3793 1346 3860 neqnepcrspiritum,
1355 3807 1440 3859 neque
1447 3807 1666 3860 persermoaem,
1675 3809 1762 3861 neque

121 3893 240 3933 accensa
254 3878 384 3935 fueritin
398 3879 491 3945 domo,
511 3878 641 3932 omnibus
660 3879 736 3932 lucet
758 3878 917 3949 acqualiter:
959 3896 1010 3948 per
1024 3882 1167 3948 epistota-m
1177 3883 1311 3948 tanquam
1325 3896 1376 3949 per
1389 3897 1438 3934 nos
1450 3883 1574 3945 missam,
1586 3883 1668 3948 qnasi
1679 3884 1762 3936 instet

121 3967 197 4038 quod
224 3967 248 4020 si
267 3967 297 4020 in
321 3973 436 4021 cunctos
446 3966 639 4020 indifferenter
649 3966 827 4021 liberalitatis
841 3967 920 4021 irena
960 3958 1017 4021 dies
1032 3969 1156 4035 domini,
1174 3971 1280 4036 nequis
1290 3985 1335 4022 eos
1349 3970 1459 4023 seducat
1469 3970 1613 4023 ullomodo
1626 3970 1665 4037 (Il
1672 3970 1760 4024 Thess.

120 4056 260 4120 laxantur,
286 4055 498 4126 quantomagis
518 4055 547 4108 in
570 4055 737 4110 domesticos
760 4055 835 4120 iidei,
848 4060 877 4109 et
890 4056 920 4110 in
961 4065 1002 4124 n).
1020 4056 1054 4109 Et
1068 4063 1100 4110 ut
1119 4062 1207 4111 totam
1232 4057 1384 4128 Epistolam
1405 4074 1490 4128 quam
1512 4057 1652 4124 mittebat,
1668 4058 1762 4130 suspi-

121 4143 305 4209 Ohristianos,
322 4144 370 4213 qui
386 4143 516 4196 eumdem
536 4141 642 4196 liabent
657 4148 775 4214 patrem,
794 4144 919 4214 ejusdem
960 4144 1040 4199 cione
1054 4151 1166 4199 erueret
1175 4145 1316 4212 salsitatis,
1333 4162 1418 4200 manu
1432 4146 1522 4201 suain
1532 4147 1588 4200 tine
1598 4145 1760 4219 subcripsit,

120 4233 248 4303 magistri
263 4232 452 4303 appellatione
463 4231 833 4286 censenturiVideturmihi
843 4233 920 4287 locus
960 4232 1056 4288 dicens
1072 4251 1078 4286 ε
1096 4234 1235 4289 Satntatio
1246 4251 1307 4288 mea
1321 4251 1411 4289 ariana
1420 4237 1513 4300 Pauli,
1525 4237 1761 4304 qarodestsianarn

120 4323 173 4378 iste
191 4339 272 4394 posse
287 4328 315 4377 et
334 4320 526 4392 superioribus
539 4320 689 4386 coherere,
706 4327 738 4375 ut
753 4321 993 4432 domesticosDin
1008 4325 1086 4376 omni
1098 4323 1230 4391 Epistola,
1247 4326 1288 4376 ita
1301 4326 1389 4378 serito
1405 4344 1412 4377 :
1429 4325 1528 4380 Gratia
1541 4325 1657 4378 Domini
1672 4327 1762 4379 nestri

120 4413 185 4467 ndei
200 4413 350 4483 magistros
366 4411 501 4476 nominet,
518 4408 620 4481 quibus
642 4425 728 4480 supra
742 4410 845 4476 omnia,
857 4428 918 4482 quar
958 4412 1022 4464 lesu
1049 4412 1154 4466 Clim'sti
1177 4429 1241 4466 cam
1266 4415 1395 4467 omnibns
1415 4415 1497 4466 robis.
1522 4412 1565 4466 hd
1581 4409 1781 4467 Colossenses‘

120 4509 256 4573 putantur
270 4503 352 4568 bonu,
374 4500 409 4555 ab
424 4498 599 4555 auditoribus
623 4498 682 4552 suis
694 4499 820 4569 jusserat
833 4499 918 4554 mini·
960 4500 1054 4562 etiam,
1068 4517 1139 4571 quas
1154 4501 1309 4555 dictaverat
1326 4500 1443 4567 litteras,
1457 4518 1543 4555 manu
1563 4517 1615 4555 sua
1629 4501 1760 4556 simibter

120 4592 214 4645 strari.
231 4592 319 4645 Breve
334 4597 376 4646 est
390 4591 453 4646 vitae
463 4590 545 4645 istius
560 4588 741 4643 curriculum.
751 4588 811 4642 Hoc
825 4589 918 4660 ipsum
959 4588 1119 4643 subnotavit
1136 4608 1141 4641 :
1158 4590 1297 4645 Salutatio
1317 4606 1377 4644 nica
1395 4607 1484 4644 arana
1501 4593 1583 4644 Pauli
1605 4607 1759 4645 :rnernorcs

120 4677 194 4748 quod
228 4679 336 4748 loquor,
377 4681 451 4750 quod
484 4679 569 4746 dicto,
604 4677 678 4749 quod
711 4676 811 4745 scribo,
844 4679 917 4749 quod
960 4682 1038 4732 estole
1054 4681 1232 4733 vineatorem
1262 4695 1387 4733 tricorum
1406 4679 1514 4750 (Colore.
1527 4684 1577 4748 iv).
1590 4679 1625 4732 Et
1639 4679 1758 4734 ubicun-

120 4766 248 4831 emendo,
276 4768 350 4837 quod
373 4768 476 4837 relego,
493 4769 528 4822 de
557 4774 683 4840 tempore
705 4784 768 4821 meo
789 4766 858 4820 mihi
870 4774 919 4822 aut
960 4766 1224 4837 queseiebatfalsos
1241 4768 1339 4821 adesse
1359 4768 1497 4835 doctores,
1515 4767 1563 4838 qui
1578 4773 1694 4839 possent
1708 4786 1759 4840 per

119 4855 229 4920 crescit,
246 4860 295 4908 aut
305 4854 423 4926 deperit.
439 4856 528 4920 Titus,
545 4857 619 4911 tilius
635 4856 809 4928 Vespasiani,
827 4856 875 4927 qui
889 4857 919 4911 in
958 4855 1085 4926 Apostoli
1117 4856 1311 4911 auctoritatem
1341 4874 1413 4912 nova
1444 4857 1578 4927 dognrata
1606 4857 1757 4922 seminare,

118 4943 916 5013 ultionemDominicisanguinissubsersisHierosolymis,
960 4945 1113 5016 Epistolam
1132 4961 1218 5000 manu
1233 4946 1347 5017 propria
1367 4945 1567 5000 subscribebat.
1585 4945 1714 5017 Denique
1730 4953 1758 5001 et

119 5034 238 5089 Romam
253 5033 341 5088 victor
368 5033 510 5101 ingressus
535 5041 586 5101 est,
607 5042 693 5089 tantm
715 5034 819 5088 dicitur
833 5034 918 5089 luisse
959 5033 994 5087 ad
1010 5033 1169 5088 Corinthios
1195 5035 1328 5102 scribens,
1340 5035 1368 5089 in
1385 5036 1485 5106 quibus
1504 5038 1586 5088 orant
1605 5035 1758 5089 schismata

117 5122 260 5189 bonitatis,
277 5129 310 5177 ut
327 5139 392 5176 cum
407 5121 527 5191 quadam
541 5129 695 5178 noctesero
710 5123 915 5189 recordaretur,
959 5127 988 5174 et
996 5122 1127 5190 haereses,
1137 5139 1306 5195 unoquoque
1325 5125 1450 5179 dicente:
1468 5125 1522 5192 Eoo
1547 5139 1610 5177 sam
1620 5125 1715 5191 Ponti,
1733 5131 1757 5179 et

118 5211 147 5266 in
157 5228 245 5278 coena,
264 5212 338 5282 quod
353 5211 392 5265 nil
407 5209 472 5264 boni
485 5209 587 5264 dioilln
597 5212 716 5278 fecisset,
726 5211 828 5266 dixerit
845 5212 916 5266 arni-
957 5227 1003 5278 ena
1016 5211 1122 5280 Apollo,
1138 5229 1184 5280 epo
1198 5217 1291 5266 etitem
1317 5215 1418 5282 (leptis,
1440 5213 1594 5284 Epistolam
1609 5228 1691 5266 suam
1705 5214 1756 5267 tali

118 5301 171 5355 cis:
188 5302 273 5354 Hodie
289 5303 363 5354 diem
376 5301 496 5369 prrrdidi.
519 5299 576 5352 Nos
600 5306 732 5370 putamus
753 5317 809 5355 non
823 5301 916 5373 perire
956 5301 1138 5355 annotatione
1161 5301 1299 5371 signavit:
1322 5300 1460 5356 Ser-lutatio
1482 5318 1540 5356 mea
1560 5303 1754 5357 rnennl’anli.

117 5389 198 5443 nobis
227 5388 336 5455 horam,
360 5389 445 5452 diem,
478 5394 630 5453 momenta,
654 5396 775 5460 tempus,
805 5396 912 5458 aetates,
956 5389 1116 5458 Sinnisnon
1126 5394 1202 5443 ornat
1212 5391 1363 5444 Horrtinnrn
1373 5392 1627 5456 lesemdan-irtam,
1639 5393 1675 5443 sit
1686 5407 1757 5445 ana-

94 5463 98 5469 ⁸
118 5494 182 5532 eum
197 5477 318 5531 otiosum
333 5477 448 5530 verbum
473 5476 624 5548 loquimur,
638 5494 689 5547 pro
706 5495 761 5549 quo
776 5479 913 5534 reddituri
956 5478 1056 5545 therua,
1073 5479 1253 5543 rnoranetlva,
1278 5486 1330 5532 etc.
1354 5479 1378 5540 tl
1394 5481 1455 5535 Cer.
1474 5483 1542 5546 xvi).
1567 5479 1688 5549 Propter
1702 5480 1756 5535 hoc

117 5584 214 5623 sumus
227 5565 366 5620 rationem
382 5566 410 5618 in
420 5567 465 5619 die
473 5564 581 5635 judicii.
593 5565 672 5632 Quod
688 5566 711 5618 si
722 5566 773 5620 hoc
789 5567 836 5621 ille
851 5567 911 5622 sinc
954 5566 1040 5637 igitur
1053 5567 1149 5621 volens
1163 5583 1275 5622 omnem
1285 5569 1460 5624 occasionem
1477 5568 1555 5623 falsis
1574 5567 1686 5622 auferre
1700 5568 1755 5624 do·
