3772 6120
118 304 150 358 83
362 336 365 341 ·
411 303 442 358 Β.
463 300 599 357 RABANI
623 300 738 357 MAURI
756 302 923 359 ARCHIEP.
944 306 1106 363 MOGUN'l'.
1126 304 1276 362 OPERUM
1293 303 1385 360 PARS
1404 304 1454 360 111.
1716 309 1749 366 Sl

119 447 173 502 quc
188 429 396 485 observationes
411 445 441 482 se
455 445 472 481 a
486 428 606 498 peccatis
621 429 849 498 possemundari,
865 433 946 495 fre-A
956 453 1009 506 que
1023 435 1148 490 seniores
1172 432 1299 487 Ecclesiae
1319 432 1503 488 formidantes
1528 452 1563 490 ne
1576 437 1606 491 in
1620 453 1685 491 curn
1702 438 1752 492 illa

119 522 200 592 rique
215 521 305 574 salros
320 516 526 577 existimabant,
536 517 576 569 sic
586 517 705 571 liberare
715 519 845 589 cupiebat
852 526 913 575 tan·
954 525 1074 579 inueret
1088 524 1249 578 ludaeorum
1263 521 1436 576 credentium
1451 523 1508 577 imo
1522 525 1749 581 Christianorum

114 610 276 682 quamipsc
302 624 396 661 errore
423 607 471 659 illo
494 611 647 671 teneretur,
669 607 788 676 diligens
815 610 912 680 utique
951 613 1155 684 judaizantium
1171 611 1322 665 multitudo
1336 627 1397 682 quae
1413 611 1452 665 ita
1466 613 1550 667 fidem
1564 615 1753 669 Christirece·

118 699 278 770 proximum
293 703 427 766 tanquam
443 694 576 765 seipsum,
593 702 622 748 ct
643 696 700 749 baec
720 697 782 750 aliis
797 697 910 763 faciens,
954 710 1043 773 perat,
1060 709 1092 755 ut
1106 702 1196 756 adbuc
1216 699 1245 753 in
1270 699 1411 769 judaismo
1425 707 1579 767 teneretur,
1595 703 1751 758 discrimini

118 804 179 859 quae
193 787 247 841 sibi
259 785 294 839 ab
308 785 371 839 aliis
386 785 448 838 lieri
466 784 549 838 vellet
569 784 593 838 si
609 785 661 837 boc
675 785 715 838 illi
729 800 799 856 opus
815 795 889 841 esset
905 806 910 840 :
954 793 1015 861 ejus
1028 792 1081 845 boc
1094 789 1209 844 consilio
1231 806 1263 843 ac
1283 789 1464 860 persuasione
1471 798 1648 858 succurrunt,
1656 793 1751 847 dicen-

119 876 193 948 quod
209 891 272 928 curn
286 873 423 927 Dominus
437 872 601 938 monuisset,
618 872 767 942 adjunxit:
798 877 858 929 Hae
876 881 914 929 cat
953 885 1013 934 tes:
1036 881 1118 945 Vides,
1134 881 1233 947 frater,
1253 884 1318 946 quot
1335 882 1429 932 millia
1448 882 1687 935 suntladrorum
1703 887 1753 951 qui

119 968 194 1019 caim
209 966 252 1017 lca
264 967 290 1016 rt
302 963 437 1031 propbeta
452 961 558 1028 (Mettis.
574 964 631 1029 aar).
648 962 729 1015 Hune
743 964 914 1034 compaticn-
954 968 1139 1029 crcdideruat,
1156 969 1753 1037 ctbioranesamulotoressuntlepis,-audir-

116 1054 152 1107 tis
163 1053 294 1106 allectum
309 1051 338 1104 in
352 1050 450 1104 eadem
465 1049 584 1120 epistola
596 1049 631 1103 ad
651 1050 765 1105 Galatas
783 1054 914 1124 praecepit
954 1064 1023 1112 rarat
1038 1063 1127 1111 autam
1145 1058 1176 1110 dc
1196 1062 1219 1110 lc
1235 1059 1301 1124 qum
1319 1056 1508 1110 discessionem.
1523 1060 1616 1111 doceor
1630 1076 1648 1112 a
1663 1060 1754 1125 Moyse

117 1142 228 1197 dicens:
245 1141 278 1197 Si
290 1144 491 1209 praeccupotus
505 1139 680 1206 sareritlromo
695 1143 726 1193 in
740 1143 834 1209 aliquo
844 1144 913 1196 dcli·
955 1163 1060 1212 aarum,
1076 1149 1125 1214 qui
1135 1162 1185 1214 prr
1199 1150 1289 1213 pentes
1307 1151 1372 1197 auat
1393 1147 1561 1212 lardaoram,
1583 1148 1676 1202 dicans
1697 1163 1752 1201 non

117 1236 224 1296 cto,uos
244 1232 294 1299 qni
316 1231 454 1297 spiritales
469 1230 540 1292 estis,
566 1231 696 1281 instruito
711 1229 872 1296 hujusmodi
882 1234 914 1284 ia
955 1236 1102 1288 debueras
1128 1235 1324 1287 circumcidere
1341 1236 1412 1299 filios
1426 1250 1510 1297 saos;
1531 1242 1560 1288 ct
1575 1235 1648 1289 infra
1669 1253 1675 1288 ε
1699 1238 1755 1290 Hor

116 1323 220 1389 ,spiritu
230 1320 362 1381 lenitatis,
370 1318 656 1385 intendenstaiprum‚
671 1334 703 1370 aa
717 1324 742 1371 et
757 1323 786 1371 tu
803 1322 914 1373 autera
955 1340 1017 1391 erpo
1032 1325 1077 1390 fac
1087 1324 1159 1391 quod
1174 1324 1224 1375 tibi
1242 1324 1375 1375 dr'rinms:
1386 1328 1451 1374 sunt
1471 1324 1548 1376 nobis
1567 1327 1624 1376 riri
1632 1330 1755 1392 peretum·

119 1409 189 1475 (Gal.
206 1410 254 1476 vr).
270 1406 339 1460 Vide
349 1405 372 1460 si
387 1421 444 1459 non
460 1405 530 1459 dixit
544 1405 605 1459 fieri
616 1412 753 1477 tanquam
765 1407 821 1471 ille,
838 1414 871 1461 ut
883 1408 915 1461 il·
956 1419 1048 1466 cotum
1062 1413 1187 1465 hebentes
1201 1426 1283 1479 super
1292 1427 1337 1472 ae,·
1355 1411 1398 1463 bia
1412 1415 1560 1479 arsremptr's
1574 1415 1720 1480 sanctifico
1732 1419 1755 1466 te

119 1494 350 1561 lumlueriiacias,
365 1510 422 1551 non
433 1494 531 1565 utique
546 1500 578 1548 ut
585 1495 677 1566 ipsum
684 1495 818 1549 delictum
838 1496 915 1551 salla·
956 1517 1019 1555 eam
1034 1503 1101 1565 illis,
1117 1505 1142 1554 ct
1164 1501 1289 1568 irrependo
1311 1502 1343 1551 in
1357 1501 1415 1551 illis
1430 1505 1462 1552 ut
1483 1502 1598 1554 trudeat
1612 1504 1713 1569 capito,
1731 1508 1756 1555 ct

118 1587 188 1640 citer
201 1590 365 1654 egerebant
379 1600 408 1637 se
423 1584 451 1637 id
465 1582 569 1637 habere
584 1583 732 1638 simularet
754 1603 759 1636 :
776 1585 825 1638 sed
840 1585 914 1640 utin
957 1594 1041 1644 seirat
1055 1605 1148 1643 omncs
1162 1590 1294 1657 quoraodo
1303 1588 1589 1656 qaradctroudicrunt
1597 1591 1755 1657 falsasset,

118 1673 235 1728 alterius
249 1674 351 1727 delicto
366 1673 433 1743 quid
448 1672 533 1726 etiam
548 1671 601 1725 sibi
616 1673 740 1727 accidere
756 1679 916 1744 posset-at·
957 1680 1002 1732 scd
1016 1679 1163 1731 arrrbulons
1178 1683 1204 1730 at
1218 1679 1273 1745 ipse
1288 1677 1440 1729 castodiens
1456 1679 1539 1743 iopam
1556 1679 1624 1743 (Aet.
1641 1681 1711 1741 xxii:
1728 1684 1758 1732 et

118 1762 257 1818 tenderet.
273 1764 365 1833 Atque
373 1762 413 1814 ita
426 1761 507 1814 alteri
517 1767 652 1831 tanquam
659 1761 711 1815 sibi
720 1761 754 1815 ab
762 1763 851 1816 altero
862 1764 916 1817 rel·
925 1752 949 1813 Β
958 1766 999 1821 ita
1006 1783 1056 1837 pro
1063 1766 1177 1819 illorum
1192 1765 1241 1835 qui
1255 1763 1306 1818 sub
1321 1765 1382 1834 lege
1396 1769 1478 1817 erant
1491 1766 1582 1819 saluta
1597 1766 1675 1819 illam
1688 1783 1758 1838 pau·

118 1849 603 1916 letmisericorditersubreniredroe·
616 1858 667 1909 cst,
684 1867 741 1905 non
755 1852 918 1906 mentientis
958 1856 1044 1927 lisper
1058 1853 1480 1908 districtionemsentenciasua
1495 1855 1603 1909 calcans
1619 1855 1758 1926 quadixe-

120 1946 192 2007 astu,
201 1941 251 1994 sed
258 1939 455 2010 compatientis
471 1939 581 2004 ellectu,
598 1940 750 2005 sicludaco,
761 1941 916 2010 sicgentili,
959 1950 1003 1998 rat
1019 1963 1025 1997 ε
1040 1945 1095 2011 Epo
1105 1946 1177 1997 caira
1200 1959 1249 2011 prr
1270 1946 1351 2009 leuem
1370 1945 1423 2009 lapi
1438 1949 1644 2004 mortuusrum,
1659 1950 1690 1997 ut
1705 1946 1757 1998 lieo

121 2030 159 2084 sic
173 2029 289 2084 cuilibet
302 2028 521 2083 hominiPaulus
536 2029 565 2082 in
575 2045 669 2083 errore
684 2030 726 2083 rel
741 2036 854 2100 peccato
869 2031 918 2083 ali·
959 2036 1050 2086 rivom
1066 2032 1190 2099 (Gol.1r):
1208 2035 1291 2100 caput
1314 2030 1422 2095 radere,
1440 2031 1581 2101 puriticari
1601 2033 1757 2086 secundum

121 2134 179 2190 quo
193 2119 356 2181 constituto,
371 2134 428 2170 non
442 2117 601 2171 simulando
617 2118 690 2188 quod
706 2135 762 2172 nou
779 2124 848 2177 erat.
868 2119 917 2173 sed
959 2121 1060 2191 legem,
1070 2127 1153 2191 atque
1163 2119 1304 2189 intemplo
1313 2119 1569 2174 Mosaicorumvota
1576 2121 1676 2175 adame
1683 2137 1758 2175 com-

120 2207 324 2279 compatiendo,
341 2207 409 2277 quia
422 2222 482 2259 esse
492 2211 611 2277 poterat,
624 2212 760 2277 tanquam
771 2208 856 2278 quise
871 2209 918 2262 bo·
959 2209 1082 2280 pellitur,
1092 2225 1154 2279 quae
1163 2225 1206 2262 res
1221 2208 1306 2261 etiam
1321 2224 1371 2278 pro
1384 2209 1474 2262 salute
1489 2224 1586 2262 eorum
1602 2210 1651 2281 qui
1666 2211 1758 2280 legem

21 2297 26 2306 '
121 2298 227 2351 minem
241 2296 387 2366 cogitaret,
400 2294 531 2349 omnibus
546 2296 641 2350 omnia
654 2296 743 2350 factus
759 2303 802 2350 est
815 2304 847 2350 ut
860 2314 918 2351 orn-
959 2298 1009 2352 Dei
1023 2298 1135 2368 penitus
1150 2296 1326 2366 ignorabant,
1342 2303 1477 2368 tanquam
1497 2304 1526 2350 et
1539 2297 1599 2368 ipse.
1618 2298 1681 2352 siue
1696 2299 1759 2370 lege

120 2404 170 2441 nes
183 2386 360 2441 lucrificaret.
371 2385 468 2454 Neque
480 2385 555 2437 enim
565 2385 694 2454 egregius
709 2385 873 2456 predicator
886 2393 919 2441 ut
960 2392 1043 2451 esset,
1059 2386 1172 2440 allectus
1187 2386 1232 2452 sit,
1253 2386 1314 2455 lege
1337 2385 1365 2438 in
1380 2386 1596 2440 Atheniensium
1617 2386 1686 2441 urbe
1710 2387 1759 2441 ubi

120 2475 199 2547 quasi
213 2474 325 2528 Judaeus
340 2474 421 2527 tieret
434 2474 470 2526 ad
487 2473 634 2544 perfidiam
658 2475 760 2545 erupit,
782 2491 872 2545 neque
887 2482 919 2530 ut
959 2476 1108 2546 gentilium
1121 2475 1233 2545 vigebat
1246 2474 1450 2545 impietas,quo
1465 2490 1532 2529 usus
1541 2475 1578 2528 sit
1586 2476 1760 2546 praedicatio·

123 2564 203 2635 quasi
216 2563 268 2618 sub
288 2564 349 2631 lege
364 2569 447 2627 esset,
465 2563 500 2616 ad
514 2564 626 2616 carnale
639 2564 807 2618 sacrificium
823 2564 916 2631 rediit,
960 2566 1004 2618 nis
1020 2563 1141 2618 exordio.
1165 2566 1334 2625 materam,
1355 2563 1455 2634 iuquit,
1480 2565 1538 2616 ridi
1555 2567 1719 2631 n'rnuluera,
1736 2571 1761 2619 at

121 2666 213 2723 neque
220 2658 253 2706 ut
263 2650 393 2706 omnibus
401 2652 497 2704 omnia
511 2652 600 2717 fieret,
617 2652 826 2722 simplicitatem
842 2670 920 2707 men·
960 2671 1051 2713 araur,
1068 2657 1097 2706 ia
1115 2669 1169 2723 prro
1183 2656 1317 2720 scriptum
1333 2658 1392 2705 erat
1407 2668 1502 2707 rasore
1519 2652 1578 2706 Dae
1594 2655 1661 2719 (tot.
1679 2659 1759 2719 asur).

121 2741 158 2796 tis
172 2741 202 2794 in
209 2740 312 2795 erroris
318 2740 686 2806 varietatemcommodavit,
695 2741 743 2793 sed
755 2741 920 2796 condescen-
961 2743 1088 2813 Cumque
1107 2743 1142 2795 de
1156 2758 1253 2795 eorum
1267 2741 1467 2811 superstitione
1487 2758 1645 2795 sermonem
1660 2742 1761 2798 suisset

123 2830 214 2885 dendo
227 2828 462 2900 appropinquarit
484 2827 644 2883 infidelibus
664 2846 719 2883 non
746 2831 872 2892 cadente,
889 2836 921 2885 ut
962 2832 1069 2886 orditus
1085 2830 1250 2902 tanquamsi
1266 2830 1368 2900 etipse
1384 2830 1445 2883 sinc
1455 2831 1515 2899 lege
1528 2836 1602 2884 esset
1616 2830 1668 2884 sub
1684 2848 1761 2886 occa-

52 2986 55 2991 ,
122 2918 251 2974 videlicet
264 2918 390 2989 singulos
404 2918 433 2972 in
448 2934 478 2972 se
492 2917 656 2989 suscipiens
673 2925 743 2972 etse
759 2919 787 2973 in
802 2919 920 2990 singulis
961 2922 1040 2975 sione
1055 2921 1130 2974 illius
1143 2919 1250 2990 profani
1257 2919 1425 2972 titulitidem
1434 2919 1537 2973 Christi
1545 2919 1758 2974 intulitdiccns:

122 3008 328 3079 transfigurans
342 3007 538 3078 compatiendo
557 3006 701 3075 colligeret
723 3026 728 3060 :
757 3008 781 3062 si
806 3009 846 3062 ita
861 3009 920 3080 ipse
964 3010 1277 3077 Orrodcrpoa'paorantes
1292 3024 1335 3061 ror
1349 3011 1448 3072 colitis,
1459 3009 1507 3061 boc·
1521 3013 1545 3061 et
1559 3024 1604 3075 epo
1619 3013 1761 3063 arietantio

124 3103 156 3153 ut
168 3098 210 3152 illi
225 3102 308 3162 esset,
318 3096 384 3168 quid
395 3096 517 3167 impendi
533 3095 586 3149 sibi
605 3095 640 3149 ab
654 3096 716 3151 aliis
731 3104 806 3151 recte
821 3098 922 3151 voluis·
932 3071 954 3130 C
963 3100 1045 3165 uobis,
1057 3103 1248 3169 etpostpauca
1255 3098 1331 3150 velut
1339 3097 1362 3149 si
1371 3096 1472 3150 divitus
1483 3097 1552 3166 legis
1562 3098 1674 3167 penitus
1683 3098 1763 3168 igna-

124 3193 176 3249 set,
192 3191 312 3241 ettanto
328 3186 420 3239 verius
448 3185 599 3256 unicuique
624 3186 729 3240 erranti
744 3192 924 3240 concurreret
964 3203 1021 3249 rus,
1040 3186 1152 3257 gentilis
1167 3191 1256 3256 poetae
1270 3200 1382 3238 versum
1396 3184 1488 3254 potius
1507 3201 1592 3254 quam
1607 3186 1697 3256 Moysi
1713 3191 1762 3240 aut

125 3275 336 3347 quantosalutis
343 3275 404 3344 ejus
412 3273 526 3328 modum
537 3290 569 3328 ex
577 3274 691 3345 propria
700 3274 923 3330 consideratione
964 3276 1165 3346 prophetarum
1181 3274 1282 3327 maluit
1305 3273 1429 3344 proferre
1443 3273 1622 3327 sententiam.
1640 3275 1674 3328 Et
1689 3275 1762 3329 sicut

126 3363 278 3418 didicisset.
965 3363 1080 3435 quidam
1089 3363 1218 3435 inquiens
1227 3367 1350 3416 restrum
1361 3367 1508 3432 portarum
1517 3362 1662 3416 dixerunt:
1673 3363 1762 3434 ipsius

161 3454 925 3521 Fortassuminfirrnisinfirmas,utiaflrmoslacrisara-
964 3458 994 3507 et
1006 3469 1095 3523 genus
1107 3467 1215 3506 sumus.
1228 3453 1299 3505 Cum
1314 3451 1409 3522 itaque
1424 3450 1481 3504 suis
1502 3466 1549 3504 eos
1563 3467 1624 3520 quae
1639 3451 1763 3507 refutare

65 3592 68 3597 .
129 3559 198 3598 rem.
212 3543 344 3597 Inllrmus
360 3541 450 3594 factus
468 3546 510 3594 est
524 3541 591 3594 dum
608 3541 834 3611 proptersratrcs
848 3542 924 3596 intir·
966 3559 1022 3595 non
1050 3541 1157 3611 possint
1183 3540 1351 3595 testimoniis
1378 3539 1476 3593 fuisset
1499 3555 1657 3609 aggressus,
1675 3541 1714 3594 ita
1727 3542 1763 3596 de

128 3647 190 3686 mos
204 3630 239 3684 ab
253 3630 336 3684 licitis
350 3629 472 3684 abstinet
486 3646 521 3683 ne
543 3629 597 3684 illis
617 3630 778 3683 scandalum
798 3637 922 3701 generet.
967 3631 1044 3684 falsis
1059 3630 1301 3684 veraconsrrmans
1314 3628 1447 3693 subdidit,
1463 3629 1574 3681 dicens:
1596 3630 1685 3683 denras
1700 3647 1763 3699 erpo

130 3721 264 3776 Omnibus
277 3721 577 3787 sactrtssumornnio,ul
591 3736 683 3773 oraracs
693 3723 781 3773 sulcos
796 3723 924 3788 [acerras.
967 3736 1029 3774 ctera
1044 3735 1140 3772 seranus
1149 3720 1205 3784 liri,
1215 3719 1401 3772 aondcbomua
1414 3721 1552 3771 aestimare
1565 3733 1635 3770 oraro
1650 3725 1699 3772 oret
1715 3736 1766 3772 or-

130 3810 188 3866 lloo
194 3808 248 3864 ibit
262 3809 314 3863 riri
321 3807 466 3880 prudentis
473 3808 643 3879 etspiritalis
649 3814 681 3862 ut
694 3809 824 3863 omnibus
832 3810 927 3864 omnia
967 3814 1054 3876 aerato,
1064 3807 1412 3876 autlupidibussculptara
1421 3809 1702 3874 ortisetcopr'lotioar's
1715 3809 1765 3861 lao-

128 3899 228 3965 factus,
243 3898 419 3969 propositum
435 3902 531 3951 tamen
546 3897 689 3968 religionis
705 3914 761 3951 non
770 3900 923 3953 excederet.
968 3895 1701 3953 aerinisdr'or'm'tatamcssear'mr'lemtietmari.lnbrmis
1716 3913 1765 3950 au·

130 3988 203 4052 Quia
215 3987 264 4041 ubi
286 3987 378 4053 cessit,
394 3984 496 4039 adhoc
515 3987 599 4041 cessit
608 3993 640 4040 ut
660 3988 817 4057 proficeret,
835 3994 863 4041 et
876 4004 927 4043 neo
967 3993 1025 4040 tem
1034 3986 1162 4039 infirmus
1180 3985 1366 4038 effectuscum
1379 3983 1533 4037 secundum
1548 3983 1763 4053 indulgentiam,

130 4075 207 4132 aliud
217 4074 283 4128 iecit
296 4091 380 4144 quarn
396 4074 440 4127 lex
454 4075 605 4128 mandavit.
630 4077 727 4142 (Cass.)
750 4077 822 4139 Quid
851 4077 927 4130 aliud
968 4092 1025 4129 non
1039 4074 1192 4128 secuudum
1210 4074 1368 4143 imperium,
1386 4071 1430 4125 bis
1446 4071 1494 4142 qui
1509 4090 1538 4125 so
1552 4072 1694 4126 continere
1708 4090 1765 4128 non

132 4163 255 4220 ostendit
268 4179 353 4234 quam
369 4162 522 4216 secundum
536 4163 730 4218 infirmitatem
751 4171 835 4235 atque
852 4182 929 4220 men·
970 4170 1100 4235 poterant
1113 4163 1142 4217 in
1158 4162 1280 4233 idipsum
1295 4161 1386 4214 redire
1394 4161 1540 4219 concessit,
1551 4161 1607 4213 siro
1615 4179 1678 4214 cum
1694 4163 1765 4218 lacte

132 4270 226 4310 suram
249 4268 347 4307 eorum
376 4251 423 4322 qui
453 4247 675 4305 instituebantur
699 4254 928 4310 condescendisse
970 4269 1027 4308 non
1040 4268 1103 4306 esca
1111 4250 1269 4306 Corinthios
1280 4255 1389 4322 potans.
1405 4249 1569 4304 infirmitate
1584 4258 1611 4304 et
1621 4251 1721 4304 timore
1738 4260 1767 4306 et

132 4359 253 4415 semper,
269 4346 298 4397 et
311 4357 328 4395 a
342 4339 519 4412 perfeetionis
533 4341 625 4410 rigore
640 4342 716 4395 aliud
728 4343 866 4396 relaxasse
888 4362 927 4408 se,
969 4348 1092 4398 tremore
1101 4342 1189 4395 multo
1198 4341 1271 4410 apud
1280 4339 1456 4393 eossuissese
1468 4339 1544 4392 dicit.
1562 4339 1767 4395 Omniaautem

132 4433 161 4488 id
188 4431 264 4505 quod
291 4430 444 4485 destructio
472 4446 587 4501 poscere
614 4429 768 4492 videbatur,
786 4432 835 4485 sed
861 4392 1101 4489 illudnomnibus
1116 4429 1204 4483 sactus
1233 4434 1284 4488 est,
1301 4433 1332 4482 ut
1350 4445 1448 4482 omnes
1465 4427 1571 4480 iaceres
1590 4427 1679 4481 salvus
1702 4446 1767 4484 eum

133 4521 224 4594 magis
231 4520 425 4593 praeposuisse,
442 4519 517 4591 quod
532 4519 736 4574 infirmantium
753 4520 860 4575 utilitas
875 4523 930 4577 exi·
970 4520 1048 4575 dicit:
1067 4522 1119 4586 Qui
1128 4518 1568 4582 increducatmonarraaducoatoru
1578 4525 1767 4585 reorrsprraut;

95 4617 98 4621 '
132 4609 227 4682 gebat,
234 4616 263 4664 ct
278 4610 378 4664 uthaec
393 4609 491 4664 eadem
504 4608 639 4664 attentius
654 4609 821 4679 indagantes
837 4611 931 4679 singu-
972 4615 996 4664 et
1008 4612 1057 4678 qui
1072 4625 1127 4663 aare
1143 4606 1529 4674 tardauerat,arraudus-anam
1543 4608 1725 4673 raonjudirrt:
1744 4614 1768 4662 ot

134 4697 214 4752 latim
228 4697 452 4768 Apostolicarum
467 4697 603 4753 virtutum
617 4697 739 4769 insignia
753 4699 929 4768 replicemus,
972 4701 1022 4768 qui
1028 4699 1310 4764 arrotrimoniojuapit
1327 4697 1462 4762 cirpinma
1479 4710 1557 4747 arram
1580 4696 1643 4747 brae
1657 4696 1735 4761 facit,
1744 4704 1769 4751 at

135 4791 243 4860 querat
256 4785 357 4856 aliquis
370 4786 511 4855 quomodo
518 4787 648 4842 omnibus
662 4804 712 4858 per
725 4787 819 4841 omnia
833 4787 931 4843 beatus
971 4789 1021 4856 qui
1035 4802 1089 4840 aon
1106 4787 1204 4853 junpit
1221 4787 1319 4838 auctius
1339 4786 1406 4851 sarit
1435 4785 1520 4850 (dorii.
1545 4786 1612 4849 arr).
1629 4783 1663 4836 Et
1677 4784 1743 4839 alibi
1761 4806 1766 4838 :

134 4874 284 4948 Apostolus
298 4889 379 4927 suam
400 4874 535 4944 probetur
562 4882 674 4946 aptasse
699 4893 859 4947 personam,
883 4876 931 4930 ubi
972 4876 1047 4943 Quis,
1063 4873 1163 4944 inquit,
1183 4876 1347 4941 saturnana·
1362 4879 1444 4941 etcpo
1460 4889 1513 4926 aaa
1534 4874 1664 4938 infirnwr
1682 4875 1770 4941 louis

134 4964 224 5020 faetus
238 4963 278 5018 ait
293 4961 407 5030 ludaeis,
429 4962 502 5017 sicut
520 4965 653 5021 Judaeust
681 4965 804 5036 proiecto
831 4964 869 5018 ibi
883 4964 930 5020 ubi
971 4966 1268 5030 scandalizeturatcpo
1278 4978 1333 5016 uon
1343 4967 1430 5015 uror?
1445 4960 1688 5030 Atquehocmodo
1699 4962 1768 5018 illud

134 5054 212 5109 illam
226 5052 395 5108 sententiam
408 5051 510 5106 intimo
523 5053 608 5108 corde
621 5054 790 5120 custodiens,
798 5054 865 5125 quia
879 5054 932 5108 Ga·
973 5053 1048 5122 quod
1062 5051 1215 5106 Corinthiis
1231 5055 1401 5122 praeceperat
1415 5049 1578 5120 adimplevit
1597 5050 1707 5104 dicens:
1724 5052 1770 5107 Si·

135 5142 200 5198 latis
213 5141 428 5197 denuntiaverat
440 5139 549 5195 dicens:
565 5141 631 5197 licor
642 5144 797 5210 epol'oulus
812 5144 872 5196 dico
885 5160 932 5197 uo-
974 5156 1007 5196 ae
1026 5145 1170 5209 offrau'oru
1189 5147 1277 5206 estote,
1294 5142 1396 5194 luders
1422 5145 1444 5193 rt
1465 5140 1572 5202 Graccis,
1599 5144 1623 5191 rt
1647 5140 1772 5197 Ecclesia

135 5233 185 5297 bis,
200 5233 226 5285 rt
238 5230 622 5297 circumcidamini,0bristus
635 5232 709 5284 vobis
725 5233 796 5285 aidi!
809 5233 932 5300 proderit
974 5231 1078 5285 Gla-aa·
1091 5234 1161 5283 sieut
1177 5235 1200 5283 et
1221 5247 1266 5296 ruo
1275 5245 1325 5298 prr
1343 5230 1437 5281 omnio
1454 5230 1582 5280 oarraibur
1595 5231 1696 5295 placeo,
1714 5247 1772 5286 non

137 5320 207 5388 (dot.
224 5321 263 5388 r).
278 5318 311 5374 ln
323 5318 464 5374 Timothei
484 5324 580 5373 tamen
597 5318 817 5383 circumcisione,
834 5320 933 5390 imagi-
974 5335 1098 5388 pererras
1112 5321 1184 5387 qaeod
1198 5320 1343 5371 rnilriutr'lc
1354 5322 1400 5382 ast,
1410 5318 1533 5384 sedquod
1542 5320 1646 5381 rievallis,
1659 5322 1773 5374 retroiri

136 5420 201 5463 nem
208 5407 544 5480 quodammodoludaicae
551 5406 758 5479 superstitionis
769 5409 928 5480 assumpsit.
973 5411 1042 5475 floret
1058 5410 1085 5474 (1
1097 5408 1156 5461 Gor.
1168 5411 1206 5469 x).
1216 5403 1483 5462 Utilesinedubioei
1493 5403 1772 5462 fueratTimotbeum

136 5500 165 5551 et
175 5510 274 5552 rursus
287 5493 337 5550 ubi
352 5493 440 5549 iactus
455 5501 498 5550 est
510 5496 551 5550 eis
564 5496 613 5567 qui
624 5495 675 5549 sub
686 5495 748 5566 lege
769 5503 850 5551 erant
870 5503 932 5551 tan·
974 5513 1028 5550 non
1037 5496 1244 5559 circumcidere,
1256 5500 1340 5566 caput
1353 5510 1409 5547 non
1423 5493 1531 5552 radere,
1546 5493 1771 5563 purificationem

133 5598 219 5656 quum
231 5582 284 5641 sub
297 5583 361 5655 lege
373 5590 457 5649 esset,
466 5600 568 5657 nempe
577 5584 617 5641 ibi
629 5583 678 5640 ubi
692 5584 811 5641 lacobus
819 5602 929 5640 omnes-
972 5584 1117 5639 iudaicam
1131 5601 1188 5639 non
1201 5599 1355 5647 mamere,
1380 5582 1533 5652 nudipedia
1551 5597 1608 5636 non
1627 5599 1768 5651 exercere,
