3772 6120
124 300 178 358 59³
336 303 626 361 nummulorum
644 305 684 360 ΙΝ
703 305 780 360 ΕΡΡ.
801 305 909 362 PAULI
927 306 996 362 LIB.
1017 304 1167 362 xx111.-
1186 308 1225 363 IN
1243 308 1356 365 EPIST.
1376 309 1389 365 1
1407 308 1456 365 ab
1473 309 1549 365 lul.
1717 309 1768 366 594

120 425 241 499 poribus
251 427 320 482 suis.
337 447 352 481 o
368 429 441 483 Nam
455 434 485 483 et
498 445 549 500 pro
560 428 691 483 omnibus
702 429 779 484 dedit
793 430 926 502 seipsum,
936 429 1050 494 Arnum
1073 438 1116 487 est
1135 431 1211 488 visus
1239 440 1283 489 est
1306 436 1496 501 confirmasse,
1526 452 1560 490 ex
1587 435 1676 490 altero
1703 450 1768 491 vero

118 531 176 571 nec
186 516 265 571 enim
273 534 325 589 pro
334 516 475 589 aliquibus
486 523 607 573 mortem
618 517 868 590 subireacquierit,
881 521 930 575 sed
972 536 1040 590 erga
1052 521 1151 576 Deum.
1167 522 1212 577 Sic
1226 523 1341 595 quidem
1354 523 1401 578 ille
1416 524 1464 596 qui
1474 524 1593 579 firmiter
1606 524 1696 579 credit
1708 524 1768 580 Deo

119 605 259 662 omnibus
284 607 380 662 rolens
393 607 424 662 in
438 623 586 662 commune
605 607 731 662 conferre
751 607 928 676 beneficium,
972 609 1105 679 quoniam
1120 610 1169 666 dat
1183 609 1264 666 nobis
1278 612 1632 686 sineinvidiaquaecunque
1646 613 1769 686 postula·

115 694 290 767 passionem
306 697 448 768 suscipere
467 702 511 751 est
526 696 668 767 dignatus,
685 697 839 752 secundum
860 698 928 753 illud
970 697 1094 753 serimus
1109 698 1144 753 ab
1159 716 1201 766 eo,
1219 717 1393 772 consequens
1412 707 1456 757 est
1471 708 1501 756 et
1513 707 1546 756 ut
1559 701 1660 773 diligat
1686 701 1768 756 illum

116 787 252 855 tempus,
279 801 335 857 quo
353 802 453 857 passus
473 791 524 850 est,
552 785 745 840 testimonium
761 787 836 841 enim
850 791 930 842 vocat
970 786 1768 863 utpotebonorumlargitorem.(lsaoc.)1dcircoquidquid

116 872 289 944 passionem
296 873 397 946 ipsam,
408 873 584 946 temporibus
595 890 661 928 vero
673 874 732 929 suis
742 875 818 942 dicit,
835 879 867 930 ut
882 892 928 929 as-
969 875 1115 931 orantibus
1125 876 1206 931 nobis
1216 878 1357 945 nolumus,
1370 883 1403 934 ut
1414 879 1604 951 interrumpat
1612 878 1768 935 orationem

116 966 202 1014 serat
222 962 381 1018 secundum
407 962 477 1017 illud
506 969 619 1035 tempus
642 979 697 1034 quo
721 980 820 1035 passus
834 969 885 1031 est,
901 970 930 1019 et
969 964 1004 1018 de
1023 964 1116 1036 adytis
1139 965 1228 1021 nostri
1242 967 1363 1038 pectoris
1385 968 1531 1023 excludere
1545 967 1720 1042 festinemus,
1735 973 1769 1023 ut

116 1049 192 1120 quia
205 1067 260 1122 per
268 1052 365 1107 omnia
374 1052 563 1107 necessariam
575 1068 635 1106 esse
646 1052 771 1107 ostendit
779 1052 843 1119 illis,
854 1053 929 1124 quod
970 1053 1011 1107 ita
1026 1053 1095 1108 illud
1108 1054 1299 1126 Apostolicum
1313 1057 1453 1128 possimus
1467 1057 1584 1129 implere
1596 1075 1626 1112 :s
1643 1057 1710 1113 Sine
1725 1057 1768 1113 in·
1840 1063 1849 1073 '

116 1140 321 1195 convenietin
334 1157 483 1195 commune
498 1140 533 1195 de
548 1140 678 1195 omnibus
688 1140 929 1196 hominibussolli-
970 1142 1147 1197 tenuissione
1166 1151 1254 1211 orate,
1277 1150 1306 1199 et
1328 1146 1358 1199 in
1380 1146 1456 1201 omni
1470 1146 1531 1201 loco
1545 1147 1669 1202 levantes
1682 1161 1769 1218 puras

118 1228 283 1283 citudinem
301 1229 474 1302 impendere,
487 1247 521 1285 eo
532 1230 641 1302 quodet
649 1230 725 1285 Deus
736 1229 866 1285 omnibus
879 1247 928 1285 cu·
971 1248 1071 1287 manus
1091 1232 1152 1287 sine
1168 1233 1212 1287 ira
1235 1239 1264 1288 et
1286 1234 1506 1306 disceptatione:
1531 1255 1544 1288 a
1560 1235 1630 1290 alias
1644 1251 1768 1308 namque

120 1333 186 1371 ram
200 1317 328 1373 adhibet.
341 1319 415 1373 Nam
430 1324 459 1374 et
470 1319 545 1390 quod
556 1319 586 1373 in
597 1335 746 1373 commune
754 1319 792 1374 sit
803 1320 929 1374 omnium
970 1320 1136 1376 mandatum
1150 1321 1226 1377 istud
1239 1323 1374 1394 perticere
1384 1339 1442 1378 non
1451 1322 1674 1390 valebimus,nisi
1685 1340 1766 1379 mens

121 1406 274 1474 Dominus,
284 1413 314 1462 et
327 1408 402 1481 quod
414 1409 507 1479 majus
517 1407 569 1474 est',
583 1407 630 1479 qui
640 1407 735 1480 etipse
749 1408 877 1463 Christus
893 1409 930 1463 si·
971 1415 1067 1464 nostra
1088 1409 1123 1465 ab
1138 1411 1264 1466 omnium
1279 1411 1414 1466 vitiorum
1427 1413 1576 1484 purificata
1589 1414 1767 1484 contagione,
1796 1478 1798 1483 ¹

127 1495 231 1550 militer
245 1495 378 1551 omnibus
391 1497 617 1569 appropinquare
632 1497 742 1551 videtur
756 1497 928 1569 proprietate
969 1498 1118 1554 virtutibus
1132 1506 1254 1568 tantum,
1269 1506 1302 1555 ut
1311 1501 1488 1556 naturalibus
1497 1501 1579 1556 bonis
1592 1501 1696 1569 dedita,
1704 1502 1768 1574 jugi

129 1590 245 1639 oemrae.
269 1586 343 1640 Nam
358 1591 387 1640 et
402 1585 533 1641 omnibus
547 1584 667 1658 prebuit
683 1585 860 1654 beneficium,
877 1602 928 1658 pro
969 1587 1169 1660 omnipotentis
1180 1589 1232 1644 Dei
1245 1590 1481 1661 contemplatione
1487 1590 1695 1663 pascatnrlloec
1704 1606 1769 1645 cum

133 1673 259 1729 omnibus
273 1674 434 1746 passionem
453 1675 618 1748 suscipiens,
634 1674 799 1747 comprobat
817 1692 883 1730 vero
896 1675 928 1730 il-
968 1677 1101 1748 puritate,
1108 1678 1132 1732 si
1142 1678 1197 1732 dici
1206 1684 1308 1750 potest,
1319 1696 1403 1734 sensu
1414 1680 1516 1735 mentis
1528 1679 1670 1752 absorpto,
1679 1697 1697 1734 a
1709 1685 1769 1735 ter·

136 1761 178 1817 lod
198 1763 234 1818 de
258 1763 459 1818 caeteroetiam
474 1763 552 1818 etde
573 1764 628 1819 illis
645 1780 707 1834 quae
724 1765 879 1820 secundum
896 1762 1769 1841 seBrenosituadspiritalematqueangelicamsimilitudinem

141 1860 203 1907 suut.
967 1854 1145 1922 reformatur,
1154 1849 1290 1927 quidquid
1304 1856 1429 1911 inserere
1438 1857 1703 1929 coeperit,quidquid
1712 1862 1769 1914 tra-

172 1960 182 1994 «
198 1942 231 1997 ln
247 1958 303 2014 quo
315 1942 424 2013 positus
439 1958 512 2008 sum,
534 1942 636 2013 inquit,
653 1958 705 2013 ego
719 1943 887 2014 predicator
898 1947 927 1997 et
967 1945 1092 2011 etaverit,
1115 1944 1252 2016 quidquid
1270 1945 1353 2015 gerit,
1373 1945 1526 2017 purissima
1538 1951 1623 2019 atque
1638 1946 1768 2002 sinceris·

147 2030 323 2104 «Apostolus,
339 2031 487 2086 veritatem
512 2031 583 2099 dico,
604 2048 661 2086 non
682 2031 813 2098 mentior,
829 2031 927 2086 doctor
967 2033 1040 2088 sima
1055 2032 1109 2088 erit
1123 2034 1223 2088 oratio.
1239 2034 1347 2089 Deinde
1362 2034 1458 2089 dicens
1472 2035 1507 2088 de
1521 2034 1687 2090 mulieribus
1697 2035 1769 2107 adji-
1852 2104 1856 2112 .

150 2121 300 2191 «mudum,
315 2120 345 2174 in
355 2120 410 2174 tide
427 2125 456 2174 et
464 2120 592 2174 veritate.
604 2141 616 2173 r
629 2120 738 2176 Prohis
749 2137 816 2192 ergo
829 2127 859 2175 et
874 2137 926 2191 ego
966 2122 1023 2177 cit:
1043 2141 1056 2174 (ι
1073 2122 1210 2178 Similiter
1221 2128 1317 2178 autem
1332 2129 1361 2178 et
1375 2123 1518 2178 mulieres.
1541 2143 1554 2176 »
1573 2124 1674 2193 (dmb.)
1690 2125 1767 2179 Bene

151 2209 297 2265 unsfitutus
306 2225 370 2264 sum
381 2209 578 2281 Apostolus,ut
585 2215 614 2264 et
621 2209 711 2280 ipsam
723 2209 880 2264 doctrinam
890 2209 926 2264 ad
967 2216 1062 2266 autem
1070 2211 1142 2266 dixit
1157 2211 1318 2279 «similiter,
1331 2212 1506 2269 »osteudens
1516 2212 1650 2283 quoniam
1663 2212 1766 2268 discre-

151 2297 253 2352 onnium
268 2297 416 2352 hominurn
440 2296 571 2351 notitiam
586 2297 719 2364 delerem,
736 2303 765 2352 et
778 2314 876 2352 omnes
890 2297 926 2351 ad
965 2300 1068 2354 niteas
1087 2317 1144 2356 non
1158 2300 1212 2355 hac
1225 2301 1344 2355 ratione.
1367 2301 1439 2356 Nam
1460 2301 1516 2355 ista
1528 2300 1659 2355 similiter
1672 2306 1702 2356 et
1723 2301 1765 2356 vi·

152 2386 214 2441 idem
227 2386 334 2442 Christi
347 2386 478 2440 accedere
491 2385 660 2458 faciam,per
676 2404 760 2458 quem
777 2386 832 2440 ista
846 2385 926 2441 nobis
967 2389 1007 2443 ris
1024 2389 1121 2444 adesse
1143 2395 1172 2444 et
1193 2388 1359 2444 mulieribus
1383 2389 1469 2461 cupit,
1487 2388 1537 2444 sed
1552 2395 1581 2444 et
1598 2393 1765 2444 caeterorum
1832 2446 1839 2454 ,

152 2475 265 2531 retributa
284 2481 361 2542 sunt,
384 2474 541 2547 etquidem
555 2475 591 2529 ad
607 2475 708 2530 horum
726 2474 883 2530 doctrinam
898 2480 927 2530 et
967 2494 1080 2533 eausam
1100 2478 1135 2532 de
1154 2477 1256 2550 quibus
1272 2479 1315 2533 vel
1335 2479 1456 2533 maxime
1470 2479 1617 2534 exhortare
1632 2477 1766 2534 mulieres

152 2564 347 2621 undumeni
360 2565 489 2636 gentium
516 2568 627 2619 creatus
642 2581 705 2619 sum
718 2565 877 2637 Apostolus,
894 2569 928 2619 ut
967 2567 1125 2623 necessario
1140 2566 1296 2622 videbatur.
1308 2567 1388 2622 Unde
1405 2572 1434 2622 et
1442 2566 1540 2638 adjicit
1552 2585 1559 2621 :
1577 2585 1590 2619 e
1606 2567 1639 2622 ln
1654 2564 1763 2635 habitu,

151 2652 211 2722 dieat,
218 2654 498 2710 omniumhominum
510 2654 558 2724 qui
569 2654 598 2707 in
609 2654 686 2708 omni
695 2654 756 2707 loco
766 2659 841 2709 sunt.
850 2655 926 2708 Bene
946 2661 1069 2711 ·ornatu
1090 2673 1154 2711 cum
1177 2656 1346 2711 verecundia
1360 2661 1389 2710 et
1407 2655 1551 2727 pudicitia.
1575 2676 1588 2709 r
1615 2656 1765 2711 Ornarese

151 2744 375 2815 ergointerposuit
385 2743 490 2810 dicens,
504 2762 516 2794 e
531 2743 680 2797 veritatem
694 2742 766 2809 dico,
781 2758 838 2797 non
848 2759 925 2798 men·
966 2744 1041 2816 ipsas
1057 2761 1113 2799 non
1124 2745 1154 2800 in
1165 2732 1245 2800 llexis
1256 2744 1463 2813 crinibus,auro
1473 2750 1524 2800 aut
1532 2745 1704 2816 margaritis,
1715 2749 1766 2801 aut

150 2831 195 2898 tior,
207 2852 218 2885 r
232 2833 272 2888 ita
290 2838 323 2887 ut
336 2831 578 2887 confirmationem
588 2848 670 2887 suam
680 2831 757 2887 credi
766 2831 879 2899 laceret,
896 2832 925 2886 id
965 2835 1179 2906 vcstepretiosa,
1191 2834 1418 2906 sed,quoddecet
1428 2832 1764 2906 mulieribuspmmitten·

153 2922 206 2990 quod
216 2921 333 2976 dicebat.
345 2922 418 2976 Nam
428 2921 503 2993 quod
511 2921 582 2975 dixit
596 2921 646 2975 ein
657 2920 711 2975 lide
723 2926 751 2975 et
763 2921 890 2988 veritate,
908 2939 921 2974 t)
964 2923 1040 2979 tibus
1053 2924 1145 2978 Deum
1159 2924 1250 2979 colere
1264 2940 1315 2995 per
1330 2940 1416 2995 opera
1434 2922 1517 2978 bona.
1533 2923 1589 2978 Per
1599 2922 1764 2978 omniahaec

151 3015 173 3062 rt
182 3009 246 3066 dcet
259 3010 394 3083 quoniam
409 3027 460 3082 pro
475 3009 519 3064 his
533 3009 703 3065 constitutus
717 3026 781 3065 sum
788 3010 924 3080 magister
963 3012 1024 3067 vult
1043 3012 1145 3080 dicere,
1163 3013 1295 3085 qnoniam
1312 3013 1442 3068 convenit
1455 3018 1484 3068 et
1496 3011 1630 3067 mulieres
1648 3011 1763 3067 illorum

150 3099 260 3166 nntium,
280 3100 322 3155 ita
341 3107 414 3155 utet
431 3100 517 3154 fidem
532 3116 580 3154 eos
595 3100 710 3154 doceam
732 3106 762 3153 et
774 3087 1089 3174 veritatemGipsorum
1099 3101 1275 3172 diligentiam
1291 3101 1395 3156 habere
1419 3101 1559 3156 dicentem
1583 3099 1760 3168 mulieribus,

150 3185 218 3259 nnuc
231 3206 282 3261 per
296 3188 676 3261 omniacomprobans,quod
686 3189 921 3243 necessarioeon-
963 3208 1025 3263 quos
1049 3191 1139 3245 Deum
1163 3190 1253 3246 colere
1276 3191 1416 3258 nituntur,
1439 3191 1479 3245 ita
1494 3189 1572 3246 utin
1591 3190 1761 3262 ipsaspeeie

150 3277 321 3333 lcdstillisin
338 3277 461 3350 idipsum
479 3276 720 3349 venientibuspro
734 3275 864 3338 omnibus
878 3276 921 3332 fa·
961 3279 1236 3346 vestimentorum,et
1249 3280 1448 3334 verecundiam
1457 3285 1487 3335 et
1495 3277 1660 3350 pudicitiam
1675 3277 1760 3334 simul
1838 3305 1841 3309 ¹

149 3377 190 3420 tere
201 3368 353 3422 orationem
375 3383 562 3434 communem,
584 3365 714 3421 omnibus
734 3366 920 3438 provisionem
961 3369 1121 3424 ostendant.
1137 3369 1196 3423 Hoc
1203 3368 1277 3423 enim
1293 3369 1370 3432 dicit,
1388 3387 1401 3420 e
1417 3369 1447 3422 in
1457 3367 1567 3435 habitu,
1583 3372 1686 3423 ornatu
1695 3383 1761 3423 cnm

149 3452 387 3512 adsimilitudinem
403 3456 453 3511 Dei
467 3455 643 3523 facientibus,
662 3456 760 3528 incipit
774 3456 920 3510 decaetero
960 3457 1128 3512 verecundia
1142 3464 1170 3511 et
1185 3456 1346 3512 sobrietate.
1364 3477 1377 3510 a
1393 3456 1457 3511 Non
1481 3455 1534 3510 sibi
1551 3472 1569 3510 a
1590 3455 1658 3511 foris
1678 3472 1759 3511 orua-

148 3538 273 3615 disputare,
288 3546 372 3618 quale
382 3562 479 3600 eorum
492 3545 550 3600 vult
562 3561 622 3599 esse
635 3545 919 3605 institutumdiscer-
961 3551 1088 3601 mentum
1111 3545 1256 3617 imponere
1278 3545 1492 3617 properantius
1506 3550 1539 3599 ut
1552 3545 1624 3600 solet
1638 3545 1708 3612 fieri,
1725 3561 1759 3600 ex

149 3643 197 3687 neus
211 3651 256 3689 eos
270 3634 427 3689 secundum
442 3650 550 3700 sexum,
565 3634 594 3688 in
611 3650 696 3705 quem
708 3633 782 3689 viros
792 3633 919 3689 dividens
960 3651 1030 3691 auro
1048 3640 1099 3689 aut
1119 3633 1289 3704 margaritis,
1312 3639 1362 3688 aut
1383 3633 1458 3688 llexu
1480 3633 1612 3701 crinium
1628 3638 1678 3688 aut
1692 3648 1757 3705 pre·

148 3723 307 3790 etmulieres,
320 3723 481 3794 etprimum
496 3723 610 3794 quidem
622 3723 777 3778 secundum
791 3723 919 3778 ordinem
960 3725 1033 3779 tiosa
1054 3730 1140 3778 veste.
1166 3722 1305 3787 Quoniam
1333 3727 1429 3776 autem
1453 3736 1540 3793 super
1559 3721 1612 3777 hoc
1631 3737 1758 3776 necessa·

146 3812 317 3868 enxementer
334 3812 369 3866 de
382 3811 448 3867 viris
458 3812 592 3884 loquitur,
604 3828 718 3867 causam
734 3812 874 3884 explicans
884 3811 919 3867 ob
960 3813 1034 3867 num
1057 3817 1118 3867 erat
1142 3810 1283 3866 exhortari
1303 3811 1436 3865 mulieres
1455 3809 1545 3878 magis
1574 3825 1660 3881 quam
1683 3808 1758 3864 viros

146 3911 206 3967 atam
218 3901 350 3957 discrevit
364 3918 412 3956 eos
425 3906 455 3955 et
469 3900 583 3972 quidem
602 3901 918 3972 communesillisleges
959 3901 1072 3956 evidens
1093 3906 1145 3955 est.
1161 3901 1235 3955 Nam
1254 3899 1328 3971 quod
1348 3897 1419 3953 dixit
1441 3915 1492 3970 per
1511 3914 1598 3970 opera
1624 3898 1654 3952 in
1668 3896 1758 3969 operi·

145 3985 255 4046 wem
269 3996 395 4046 statuere
413 3990 600 4057 annitescens,
613 3990 686 4044 sicut
702 4006 735 4043 ex
745 3989 918 4061 subjectione
959 3989 1110 4057 busbouis,
1128 3989 1202 4044 bona
1215 3988 1256 4043 illi
1270 3988 1331 4043 loco
1340 3986 1465 4042 reddidit
1473 3987 1548 4059 quod
1558 3987 1638 4055 dixit,
1655 4001 1757 4042 ornare

144 4080 273 4144 poterimus
286 4080 316 4135 id
331 4080 433 4135 melius
446 4079 563 4134 discere.
958 4080 1074 4152 seipsas,
1100 4084 1128 4134 et
1143 4079 1180 4133 sit
1198 4078 1315 4145 dictum,
1337 4093 1393 4131 non
1415 4076 1470 4131 illis
1486 4076 1634 4132 sedebam
1649 4076 1755 4143 ornari,

167 4168 255 4225 «Volo
270 4186 338 4241 ergo
352 4169 427 4224 viros
442 4185 523 4224 orare
537 4169 650 4223 inomni
666 4169 725 4223 loco
736 4168 860 4223 levantes
867 4186 917 4241 pu·
958 4186 1019 4241 quae
1043 4168 1173 4240 superius
1193 4173 1260 4222 sunt
1282 4170 1447 4234 memorata,
1463 4167 1513 4221 sed
1530 4166 1611 4222 bonis
1626 4165 1758 4238 operibus

144 4270 153 4304 ί
168 4273 206 4313 ras
224 4275 337 4325 manus,
360 4278 373 4311 n
399 4258 456 4313 sire
470 4259 625 4314 secundum
643 4257 729 4312 aliam
752 4258 915 4325 editionem,
958 4259 1033 4331 quod
1047 4261 1245 4313 ornamentum
1255 4256 1356 4311 decens
1371 4260 1414 4310 est
1426 4255 1483 4310 illis
1497 4256 1546 4327 qui
1560 4254 1757 4311 Deum'colere

143 4348 320 4404 «extollentes
334 4364 435 4403 manus
449 4353 569 4412 sanctas,
594 4347 655 4402 sine
677 4347 720 4401 ira
735 4352 764 4401 et
777 4347 916 4419 discepta-
958 4365 988 4402 se
1017 4348 1195 4420 promittunt,
1223 4344 1295 4400 bene
1322 4345 1364 4400 illi
1385 4349 1549 4399 ornamento
1574 4342 1649 4398 bona
1671 4359 1757 4414 opera

142 4435 237 4492 «done.
255 4457 267 4489 s
280 4438 355 4492 Nam
366 4437 440 4509 quod
450 4437 528 4504 dixit,
541 4455 553 4489 e
569 4437 598 4490 in
609 4436 685 4491 omni
694 4437 786 4502 loo0,›>
799 4407 948 4491 redden·D
957 4437 1137 4502 contrasistit,
1156 4434 1299 4489 evidenter
1324 4434 1443 4488 multam
1468 4430 1602 4486 habentia
1624 4429 1756 4484 differen-

140 4519 190 4579 dam
207 4532 247 4582 est
261 4526 304 4581 illi
317 4527 401 4598 dieto,
419 4526 493 4597 qnod
508 4525 607 4580 dixit«
623 4525 787 4580 extollentes
806 4531 916 4580 sannas
956 4526 1025 4581 tiam
1039 4525 1075 4580 ad
1086 4525 1135 4580 illa
1141 4528 1319 4579 ornamenta:
1337 4521 1475 4594 siquidem
1481 4519 1531 4574 illa
1540 4524 1707 4574 ornamenta
1716 4519 1756 4573 vi-

139 4624 257 4670 bsnusts
272 4617 326 4670 hoc
343 4615 418 4669 enim
432 4615 508 4680 dicit,
521 4615 655 4686 quoniam
667 4615 728 4668 volo
739 4631 837 4669 eorum
859 4615 916 4669 tale
956 4614 1134 4686 tuperatione
1143 4612 1233 4684 magis
1244 4612 1330 4682 digna
1340 4614 1415 4675 sunt,
1424 4609 1548 4663 bocrero
1557 4612 1756 4663 ornamentum

138 4714 183 4756 ese
195 4703 365 4770 institutum,
375 4704 456 4758 itaut
462 4720 575 4775 semper
583 4710 696 4759 orantes
707 4704 737 4757 in
748 4719 915 4775 quocunque
957 4702 1114 4759 necessario
1130 4702 1243 4756 laudem
1255 4696 1594 4771 acquiritlntendendum
1603 4702 1647 4752 est
1660 4703 1756 4752 autem

139 4785 350 4848 locoomtionem
373 4793 464 4846 lacere
477 4792 617 4859 videntur,
644 4798 755 4847 sanctas
777 4793 812 4846 ad
825 4792 915 4847 Deum
956 4793 986 4847 in
999 4790 1126 4864 Apostoli
1140 4788 1326 4853 sermonibus,
1347 4786 1480 4859 quoniam
1498 4786 1529 4841 in
1547 4784 1754 4842 abdicationem
1845 4792 1847 4796 “

138 4881 370 4937 molmtmanus.
385 4883 459 4937 Nam
468 4888 580 4935 sanctas
590 4880 732 4936 manusab
739 4880 916 4936 arbitrioevi·
956 4880 1172 4945 contrariorum,
1185 4878 1255 4933 illud
1270 4876 1345 4948 quod
1359 4876 1486 4931 deterius
1496 4881 1559 4931 erat
1572 4877 1695 4948 primum
1706 4892 1755 4947 po-

134 4965 189 5023 dem
202 4977 316 5026 esteum
331 4971 443 5036 dixisse,
456 4970 530 5024 unde
541 4976 568 5025 et
583 4970 773 5042 interpretans
783 4969 915 5043 quemad·
956 4970 1015 5025 suit
1028 4970 1156 5024 dicens«
1176 4968 1240 5022 Non
1253 4967 1283 5020 in
1294 4965 1377 5020 tortis
1387 4965 1432 5020 vel
1445 4965 1533 5037 plexis
1547 4963 1680 5029 crinibus,
1698 4982 1711 5016 o
1725 4969 1754 5019 et

133 5058 231 5115 notum
249 5059 375 5114 extensio
390 5075 525 5113 manuum
540 5059 629 5131 possit
642 5076 703 5113 esse
725 5064 830 5126 sancta,
846 5058 915 5131 adji-
955 5065 1022 5115 tunc
1041 5058 1146 5130 adjecit
1168 5061 1277 5122 caetera,
1294 5055 1400 5110 dicem.
1415 5072 1428 5108 e
1443 5056 1520 5110 Auro
1531 5059 1560 5108 et
1572 5056 1690 5124 argento
1704 5055 1755 5106 aut

131 5144 169 5213 dl,
183 5155 296 5222 excepta
309 5148 354 5204 ira
367 5153 397 5202 et
409 5147 622 5220 disceptatione,
638 5149 835 5220 compendiose
850 5164 915 5220 per·
956 5147 1116 5219 margaritis
1130 5151 1180 5201 aut
1194 5149 1271 5199 veste
1290 5144 1422 5216 pretiosa.
1439 5162 1453 5197 o
1466 5144 1525 5198 Hoc
1539 5146 1634 5195 autem
1644 5144 1674 5194 et
1687 5155 1754 5211 pro-

128 5232 218 5292 lectam
232 5239 263 5292 in
281 5238 326 5292 his
346 5237 446 5292 definit
466 5236 610 5292 virtutem.
636 5238 709 5292 Nam
734 5238 811 5309 quod
833 5237 912 5304 dixit,
955 5242 1019 5309 pter
1030 5233 1444 5292 inconvenientemsanitatam
1459 5228 1753 5297 intersaevenitlleri,

126 5333 231 5399 excepta
242 5328 295 5394 ira,
313 5328 366 5381 hoc
376 5333 428 5394 est,
445 5327 587 5382 neminem
602 5326 743 5381 hominem
757 5326 883 5382 odientes
905 5344 911 5379 :
955 5325 1025 5380 illud
1039 5342 1104 5380 vero
1118 5323 1330 5396 proptersolnm
1346 5326 1486 5376 ornatum.
1497 5318 1599 5374 Dicens
1612 5334 1679 5374 vero
1687 5317 1751 5387 hoc,

124 5415 192 5486 quod
203 5421 300 5471 summ
313 5416 386 5472 dixit
401 5436 414 5469 o
434 5416 646 5488 disceptatione,
666 5436 678 5468 a
694 5422 728 5472 ut
740 5416 824 5480 dicat,
839 5415 914 5469 lideli
955 5403 1030 5488 quod
1039 5415 1083 5469 vel
1091 5413 1212 5468 maxime
1222 5412 1335 5484 proprie
1346 5411 1382 5466 ad
1394 5408 1616 5465 exhortationem
1628 5407 1755 5464 mulieri·

121 5510 210 5560 mente
227 5505 345 5561 minime
361 5505 523 5561 dubitantes
536 5505 586 5562 illa
600 5505 726 5577 accipere
744 5523 806 5577 quas
819 5510 914 5577 postu-
954 5503 1007 5559 bus
1016 5502 1158 5576 pertinere
1170 5499 1356 5568 existimabat,
1368 5498 1466 5570 adjicit
1475 5504 1505 5553 et
1514 5498 1602 5567 aliud,
1614 5497 1689 5571 quod
1697 5495 1754 5552 illis

119 5592 186 5663 hot
206 5611 240 5651 ex
254 5596 345 5654 altero
364 5595 441 5653 enirn
459 5591 627 5652 charitatem
653 5611 714 5668 qua
734 5612 802 5666 erga
822 5593 914 5666 proxi-
955 5593 1186 5666 quidempoterat
1194 5585 1753 5662 neeresirisaotsmneqmqaamades-
