3772 6120
125 312 171 392 so
365 310 655 373 mormannum
672 311 712 369 m
730 311 808 368 mr.
828 311 937 369 nsum
957 312 1027 369 mn
1046 311 1108 369 xx.
1124 339 1157 355 -
1172 309 1213 367 m
1231 307 1344 367 misr.
1362 309 1414 369 ao
1432 309 1513 369 oon.
1713 311 1765 372 sss
1868 352 1871 357 ,

126 442 297 513 quaeamali
303 443 501 498 commistione
509 442 827 513 perficitur.Secundum
837 441 1058 505 etiamAlorum
1073 440 1203 495 servituti
1225 443 1379 512 comparat,
1400 444 1425 493 ct
1439 441 1574 507 coartio,
1587 439 1691 513 inquit,
1705 456 1765 511 qua

126 529 279 586 membrum
295 535 510 587 immunditiam
526 532 706 603 nuncupavit,
718 550 780 603 quae
793 549 921 587 nonnun—
961 533 1366 600 estidolorumseroitus,quem
1375 544 1491 583 sensum
1500 527 1764 603 beamscyprianus

128 635 202 692 qnam
216 620 326 692 absque
339 620 398 677 ullo
420 621 546 676 mulieris
561 626 668 676 attactu
688 621 732 675 vel
755 622 920 676 dormienti·
961 621 1001 677 sic
1015 619 1193 691 exaggeravit
1207 619 1237 673 in
1251 618 1377 690 Epistola
1389 618 1425 673 ad
1445 619 1609 687 Antonium,
1621 624 1764 675 uteorum

129 709 179 773 bns,
191 709 237 763 rel
251 710 435 779 vigilantibus
454 727 505 781 per
524 710 661 764 incuriam
681 710 920 781 incircumspecta
960 715 1073 780 paean
1084 709 1132 780 qui
1141 714 1269 779 tempore
1278 707 1481 779 persecutionis
1487 724 1537 778 per
1547 707 1762 767 libellosaelltu·

130 797 219 853 rauba
232 797 369 869 obrepsit,
386 805 415 854 et
428 799 491 853 ideo
513 804 629 854 notatur
649 815 683 855 ao
704 798 869 869 prohibetur
890 800 920 855 in
960 796 1766 868 rilicaturosprofessiecantavsritismeompararenondu·

131 890 188 957 lege,
199 903 266 957 quas
278 884 441 943 immundos
455 903 566 959 quoque
581 905 639 943 non
660 888 752 944 solum
776 903 920 943 sacrarum
961 886 1277 951 bicuctettamcncum
1287 885 1547 941 manifestissimum
1554 886 1685 943 sitmulto
1694 903 1761 959 gra·

134 976 249 1033 amum
274 976 489 1048 participatione
512 977 640 1048 privavit,
655 993 753 1031 verum
776 977 863 1031 etiam
885 992 920 1031 ne
960 973 1760 1047 viuspecearcscientem,quamnesrientem,tellemmibi

134 1070 249 1129 numetis
265 1082 317 1120 suo
332 1071 429 1121 saneta
450 1067 602 1137 polluerint
625 1083 643 1121 a
663 1071 820 1121 castrorum
836 1066 922 1136 jussit
961 1065 1064 1136 aliquis
1077 1064 1233 1131 dicaret,si
1255 1064 1318 1135 quis
1333 1064 1463 1131 heresim
1483 1065 1612 1121 incurrat
1631 1065 1759 1121 nemiens

135 1155 338 1225 congregatione
362 1156 470 1210 secerni
493 1156 589 1210 dicens
605 1174 611 1209 :
628 1157 732 1210 Animo
753 1171 921 1224 quecunque
961 1159 1099 1226 quantum
1109 1154 1215 1209 malum
1230 1153 1277 1219 sit.
1288 1159 1318 1208 et
1327 1153 1399 1209 alius
1407 1153 1443 1207 ab
1452 1154 1572 1209 avaritia
1579 1170 1636 1209 uon
1643 1154 1756 1211 recedat

136 1245 263 1300 medem
279 1245 312 1298 dc
326 1247 458 1299 cornibus
479 1248 613 1312 sacrificii
630 1247 773 1310 salutaris,
791 1246 862 1312 quod
882 1249 920 1298 cst
960 1244 1198 1316 sciensquantum
1207 1243 1369 1309 sitmalum,
1382 1243 1444 1313 quis
1454 1243 1757 1315 enimsitpajorlpos-
1829 1270 1836 1277 ·

138 1335 238 1397 nmini}
257 1336 291 1387 in
305 1349 362 1402 quo
376 1338 414 1387 cst
433 1334 627 1399 immunditia,
640 1334 743 1402 peribit
762 1348 855 1386 corum
869 1334 919 1387 Do
959 1333 1333 1404 sumetiamitaproponere,
1345 1331 1757 1389 sialiusnesoiensinbaeresim

139 1423 378 1490 uino,ctquidquid
383 1425 503 1489 lctiqcrit
509 1423 673 1477 immundus
678 1423 858 1476 immundum
864 1424 919 1475 erit
957 1421 1057 1489 irmat,
1068 1422 1192 1477 etsciens
1199 1421 1272 1477 alius
1282 1420 1318 1476 ab
1326 1421 1664 1477 idololatrianonrecedat
1674 1440 1680 1475 ι
1691 1421 1758 1493 quia

140 1512 210 1575 licut.
221 1508 281 1580 vn).
292 1511 327 1565 In
336 1511 554 1567 Deuteronomio
563 1527 675 1582 quoque
687 1529 693 1564 :
704 1509 737 1565 Si
746 1512 833 1578 suerit
843 1513 917 1565 irctcr
957 1517 987 1566 et
998 1512 1150 1583 Apostolus
1167 1511 1252 1566 dicit:
1270 1511 1408 1577 locutio,
1423 1527 1484 1579 quic
1496 1516 1536 1565 est
1549 1511 1689 1567 idolorum
1702 1525 1758 1565 ccr-

140 1614 169 1653 cu
178 1599 252 1652 Mino
258 1601 310 1667 qui
320 1603 456 1653 nocturno
463 1602 587 1668 pollutus
593 1604 631 1654 cst
639 1602 756 1663 somnio,
763 1600 916 1667 eqrcdc'ctur
956 1603 1040 1655 citus.
1064 1602 1184 1672 (Serap.)
1200 1601 1299 1671 Neque
1311 1600 1365 1654 hoc
1378 1598 1518 1654 silendum
1532 1597 1663 1666 arbitmr,
1681 1598 1755 1670 qued

140 1691 198 1741 utra
206 1691 342 1750 curtraci
351 1703 407 1741 nou
416 1692 568 1743 revertetur
575 1690 742 1756 priusquam
751 1691 821 1741 louet
830 1703 913 1755 oque,
955 1689 1030 1744 sium
1041 1689 1233 1745 fornicationis
1247 1705 1354 1760 genera
1368 1694 1435 1744 sunt
1448 1688 1521 1757 tria;
1538 1689 1662 1760 primum
1681 1688 1756 1760 quod

141 1780 216 1843 ctpoot
237 1778 303 1829 colit
327 1792 453 1830 occasum
472 1778 644 1843 rcqredietur
666 1780 699 1830 in
719 1781 809 1830 cartre
822 1763 1009 1849 (neutliper
1016 1779 1241 1833 commistionem
1251 1792 1333 1833 sexus
1342 1778 1490 1850 utriusque
1496 1778 1650 1850 perficium,
1658 1795 1757 1835 secun·

141 1868 205 1925 unt.
219 1864 329 1919 Deinde
342 1865 459 1919 tertium
474 1865 578 1936 peccati
596 1863 755 1919 membrum
771 1867 916 1920 libidinem
957 1869 1025 1923 dum
1049 1869 1124 1939 quod
1138 1867 1244 1939 absque
1257 1868 1379 1922 femineo
1399 1872 1486 1933 tactu,
1510 1884 1562 1939 pro
1576 1884 1632 1939 quo
1645 1872 1691 1922 ter
1704 1885 1755 1939 pa·

142 1952 281 2023 ponitque
302 1953 333 2007 in
357 1953 512 2009 recessibus
531 1955 632 2009 animas
656 1955 815 2009 coalescens
837 1971 916 2009 aece-
956 1957 1086 2012 triarchas
1104 1957 1184 2013 iuda
1205 1957 1280 2011 filius
1298 1973 1317 2011 a
1330 1956 1450 2011 Domino
1469 1973 1618 2027 percussus
1639 1957 1752 2027 legitur,

140 2040 187 2095 lere
198 2042 321 2112 cuipiam
347 2042 408 2097 sine
430 2043 560 2114 passione
578 2044 703 2115 corporis
723 2049 836 2114 potest:
852 2043 915 2098 libi·
958 2044 1033 2117 quod
1043 2046 1072 2101 in
1088 2046 1240 2118 Scripturis
1255 2045 1358 2100 sancus
1370 2045 1550 2101 immunditia
1563 2050 1752 2117 nunuspatur,

140 2129 212 2184 linem
226 2130 304 2185 enim
318 2130 354 2184 ab
368 2148 401 2186 eo
416 2132 490 2201 quod
505 2132 592 2186 libeat
606 2133 782 2187 memmasce
796 2149 852 2187 non
867 2133 918 2188 du·
957 2152 1043 2207 super
1052 2153 1108 2207 quo
1119 2134 1271 2207 Apostolus
1281 2137 1305 2204 (Ι
1317 2135 1378 2191 Gor.
1396 2137 1443 2204 vn)
1456 2153 1462 2189 :
1476 2135 1542 2189 Dico
1556 2139 1650 2189 autem
1663 2137 1753 2189 iunu-

140 2216 196 2272 binm
208 2224 260 2273 est.
273 2219 401 2275 Posthac
414 2221 450 2274 de
460 2220 614 2291 majoribus
623 2222 744 2293 peccatis
758 2222 793 2277 ed
804 2222 915 2277 minora
952 2228 1009 2294 ptis
1018 2231 1043 2280 ct
1050 2226 1258 2291 maniniocum
1265 2229 1303 2278 cst
1312 2227 1370 2278 iilic
1378 2226 1404 2277 ri
1412 2226 1452 2278 sic
1464 2225 1672 2292 peronutscerc‘nt
1681 2225 1753 2278 suut

140 2306 296 2369 decendens,
309 2316 442 2379 quartum
452 2310 549 2366 intulit
558 2311 717 2365 membrum
727 2315 915 2380 concupc'cccn-
954 2319 980 2369 ct
994 2330 1059 2382 eqo.-
1075 2315 1185 2383 quodsi
1199 2330 1226 2368 re
1240 2329 1298 2367 uon
1311 2315 1453 2368 continent
1467 2312 1584 2377 nubunt,
1599 2298 1704 2366 nulius
1714 2316 1752 2366 eat

141 2399 190 2451 um
201 2401 316 2464 mulum,
328 2415 395 2468 quae,
405 2415 461 2453 non
475 2399 567 2454 solum
577 2400 611 2453 ad
622 2401 784 2472 praedictam
794 2401 914 2456 immun-
954 2407 1030 2458 enim
1037 2404 1138 2457 nubere
1144 2419 1230 2472 quoin
1240 2404 1289 2456 uri
1293 2420 1302 2465 ;
1310 2401 1426 2456 tertium
1433 2400 1508 2471 quod
1518 2399 1752 2463 animoacmente

140 2483 194 2541 lita
205 2486 375 2557 passionem,
393 2489 577 2543 verumetiam
592 2490 628 2544 ad
642 2506 740 2544 omnes
752 2491 850 2545 noxias
864 2507 913 2545 cu·
954 2490 1161 2563 concipitur,dc
1171 2507 1226 2562 quo
1241 2490 1413 2546 Dominusin
1423 2489 1593 2560 Evangelio:
1613 2489 1667 2557 Qui
1675 2489 1751 2543 oide-

141 2573 247 2644 itata
260 2577 434 2646 generaliter
455 2577 553 2632 referri
571 2583 674 2649 potest,
690 2595 752 2649 quas
775 2585 913 2651 corrupta
954 2579 1447 2648 ritmulicrcmudcoucupisccndom
1455 2582 1594 2647 cumdum
1604 2578 1752 2637 nodutus

139 2665 312 2719 tnummodo
322 2665 475 2720 voluntatis
490 2672 533 2721 est
546 2667 692 2738 agritudo,
705 2668 740 2722 de
756 2669 914 2739 quaDomi·
953 2677 991 2725 est
1005 2686 1065 2724 cum
1079 2673 1112 2723 in
1126 2671 1205 2724 corde
1216 2685 1265 2722 cuo
1280 2668 1387 2736 (Mattio.
1403 2670 1432 2731 vl
1445 2686 1452 2735 3
1463 2666 1505 2722 ita
1514 2665 1751 2738 philargyriam

139 2752 210 2807 tuin
223 2754 385 2824 Evangelio,
402 2759 452 2823 qui
465 2758 575 2821 uiderit,
592 2755 693 2827 inquit,
715 2761 861 2811 mulierem
876 2760 913 2812 ud
953 2776 1023 2815 uera
1036 2763 1103 2814 sunt
1116 2759 1188 2812 tria:
1205 2757 1329 2829 primum
1344 2756 1538 2813 renuntiantes
1550 2754 1654 2811 dirib'is
1668 2771 1701 2809 ac
1712 2754 1752 2809 fa·

138 2845 359 2911 nnmpisccndum
369 2848 504 2913 cocejum
513 2847 661 2900 mechatus
670 2850 707 2899 cst
722 2862 783 2900 cuin
793 2849 825 2900 in
835 2848 912 2901 corde
952 2848 1104 2905 cultatibus
1124 2847 1183 2903 suis
1206 2846 1320 2918 spoliari
1334 2862 1391 2901 non
1405 2846 1491 2900 siunt:
1506 2845 1661 2901 secundum
1674 2845 1750 2916 quod

137 2930 358 2985 ncltulcocnim
373 2933 466 3002 majus
481 2938 523 2986 est
544 2933 630 2987 etiam
652 2939 721 2988 tuno
743 2935 845 2989 mentis
868 2935 911 2989 lu·
953 2955 988 2993 ea
1006 2955 1067 3010 qum
1081 2937 1192 2992 anobis
1201 2937 1416 3007 dispersasunt,
1429 2936 1472 2990 vol
1486 2933 1678 3006 indigentibus
1691 2934 1748 2989 die-
1802 2924 1810 2951 ¹

139 3013 198 3073 llice
208 3019 381 3075 desiderium
391 3022 545 3088 continere,
554 3038 618 3076 cum
629 3023 654 3077 ei
664 3021 820 3078 illecebrosi
834 3039 913 3095 aspe-
953 3025 1069 3093 tributa,
1091 3042 1236 3083 resumere
1249 3024 1329 3081 nobis
1341 3026 1449 3095 majore
1463 3010 1617 3096 cupiditates
1631 3039 1749 3095 persus

137 3108 307 3164 molientur
320 3111 428 3165 occasio
440 3130 447 3177 ;
463 3111 565 3182 quibus
584 3111 811 3167 manifestissime
833 3129 911 3167 com·
921 3086 1014 3171 Cdet:
1031 3117 1147 3172 tertium
1161 3115 1237 3187 quod
1250 3131 1285 3169 ea
1294 3130 1355 3186 quse
1365 3112 1614 3185 meantesquidem
1623 3112 1749 3185 posside·

137 3195 247 3265 notaui
270 3198 308 3253 ad
332 3199 531 3269 perlectionem
555 3202 697 3271 puritatis,
716 3201 911 3257 castimoniam
951 3221 1015 3260 mus
1024 3205 1184 3262 desiderare
1191 3205 1235 3259 vel
1244 3204 1390 3276 acquirere
1403 3203 1554 3275 compellit.
1564 3203 1600 3259 Et
1611 3207 1644 3257 ut
1652 3208 1748 3259 ostem

136 3286 292 3342 untinentiae
306 3289 460 3359 corporalis
479 3290 568 3344 solam
593 3307 649 3345 non
673 3307 754 3362 posse
771 3290 909 3357 sufficere,
951 3293 1411 3365 deretquoniamnonpotestquis
1420 3293 1476 3348 isla
1484 3291 1745 3349 sinenorafacere:

135 3372 174 3427 rici
185 3375 206 3429 ei
219 3377 307 3433 etiarn
322 3378 425 3432 mentis
447 3379 596 3450 integritas
614 3380 744 3435 addatur.
761 3380 827 3435 Post
849 3396 910 3451 quae
951 3385 1065 3452 Propter
1077 3400 1147 3452 qun,
1163 3382 1264 3454 inquit,
1280 3385 1356 3437 veuit
1369 3385 1416 3437 ira
1429 3384 1479 3437 lici
1491 3397 1575 3450 cuper
1584 3383 1656 3450 titios
1673 3383 1749 3450 dist

135 3464 208 3519 tuma
220 3465 619 3539 novissimumcorporisillius
633 3468 800 3533 membrum,
811 3474 836 3523 et
846 3485 911 3524 uuo·
950 3473 1058 3527 deuiis.
1072 3470 1191 3541 (ambr.)
1207 3471 1270 3526 Non
1284 3470 1376 3526 solum
1396 3486 1447 3525 nos
1461 3485 1578 3541 peceare
1591 3468 1747 3526 absurdum

134 3552 222 3619 dunc,
237 3554 340 3626 inquit,
361 3556 458 3626 procul
472 3556 557 3611 dubio
571 3558 731 3623 ostendens,
748 3559 909 3613 nouaclum
951 3567 1003 3627 est,
1019 3562 1069 3616 sed
1083 3565 1112 3615 et
1125 3565 1305 3630 resurgentes
1320 3560 1344 3614 si
1358 3559 1560 3631 deliquerimus
1568 3573 1682 3630 poenam
1700 3573 1748 3613 ne-

132 3637 159 3692 tb
174 3643 297 3714 appetitu
321 3661 416 3700 rerum
440 3647 595 3702 alienarum
620 3649 746 3702 animum
767 3648 910 3702 continen-
949 3649 1100 3705 cessariam
1115 3647 1489 3720 exspectabimuslaquibus
1498 3652 1523 3702 et
1532 3648 1748 3704 manducauit

131 3726 190 3798 cun,
203 3748 302 3787 samm
317 3733 404 3789 etiarn
418 3737 533 3807 propria
551 3737 770 3808 magnanimiter
782 3743 909 3792 contem·
949 3740 1309 3808 acimundonumvc'cerctic
1318 3740 1351 3792 iu
1360 3735 1544 3793 iiliaDudum
1554 3734 1670 3807 quidem
1683 3750 1748 3806 ogs

130 3818 212 3875 nuda.
227 3822 287 3876 lloc
301 3823 377 3878 enim
393 3829 422 3879 et
435 3825 593 3881 inllctibus
606 3827 798 3898 apostolorum
811 3826 909 3881 fecisse
949 3827 1054 3883 bantur
1067 3844 1085 3881 a
1099 3825 1187 3891 vobis,
1210 3825 1323 3897 quando
1341 3841 1406 3881 cum
1425 3823 1556 3896 prasenti
1578 3823 1637 3879 rita
1655 3828 1746 3879 totam

130 3904 399 3978 hu'turcredentium
412 3915 573 3982 multitudo,
584 3915 620 3970 da
630 3932 686 3987 qua
696 3916 799 3971 dicitur
814 3934 819 3969 :
837 3917 908 3970 Mul·
948 3934 1029 3989 spem
1042 3922 1165 3971 vestram
1179 3913 1368 3971 dimetlebatis
1382 3912 1454 3969 nihil
1468 3913 1589 3984 amplius
1598 3917 1746 3985 expectau-

130 3998 241 4054 mutan
250 4007 344 4055 autem
352 4004 525 4057 credentium
534 4010 594 4058 erut
608 4021 654 4058 cor
665 4021 757 4059 unum
771 4011 796 4059 et
807 4007 907 4060 animo
946 4012 1000 4063 tes.
1016 4007 1098 4062 Nunc
1111 4010 1204 4059 autem
1217 4005 1342 4073 &ponite
1358 4008 1383 4058 el
1396 4019 1442 4059 uos
1456 4006 1562 4059 omnio.
1586 4002 1651 4059 iam
1671 4001 1747 4059 ultr-a

128 4100 182 4153 m,
196 4104 243 4143 nec
260 4094 410 4159 quicquum
431 4107 527 4145 mrum
546 4109 606 4161 qua
622 4096 781 4162 possidebat,
797 4095 908 4162 aliquid
946 4096 1102 4152 secundum
1115 4094 1264 4149 illavivere
1278 4109 1326 4148 vos
1345 4091 1550 4159 nonconvenit,
1565 4091 1745 4164 quiman'me

128 4188 194 4230 uun
207 4193 260 4233 csse
271 4180 446 4246 detestaturi
455 4186 537 4236 crunt
550 4184 608 4236 illc's
622 4185 717 4236 omnio
730 4185 904 4237 communio:
945 4186 976 4240 in
992 4184 1207 4239 immortalitate
1225 4182 1313 4248 eritis,
1331 4181 1361 4239 in
1379 4196 1437 4253 qua
1452 4180 1606 4237 consistere
1620 4198 1696 4239 nuno
1714 4181 1757 4236 in·

127 4269 238 4333 munet
254 4271 332 4322 caim
345 4285 503 4337 possessores
512 4286 647 4338 uqrorum
657 4275 738 4325 crunt
752 4276 801 4325 uut
816 4273 906 4326 άοηιο-
945 4275 1066 4330 formam
1085 4272 1296 4340 existimamini,
1313 4271 1363 4327 sed
1381 4270 1583 4327 discedendum
1605 4271 1687 4326 nobis
1702 4277 1746 4327 est

125 4364 185 4417 uec,
199 4357 341 4412 tundentes
355 4359 506 4425 offendunt
518 4363 608 4427 pretio
623 4375 720 4414 cuum
738 4377 797 4428 qua
810 4362 906 4415 vende-
946 4363 1215 4429 abbicomnibus,et
1222 4362 1363 4433 deponere
1382 4358 1516 4415 debemus
1525 4361 1745 4428 iromdudiqao·

126 4437 905 4516 buapomsnntcnccpcdcsapoccocorccm:dicidetccur
948 4451 1424 4519 tionemmolitiomdiorpbecnium,
1433 4453 1542 4517 turpem
1552 4450 1745 4504 cucumam

125 4534 200 4585 non
212 4536 334 4602 cingulis
345 4540 430 4603 prout
446 4539 544 4605 cuique
562 4553 629 4606 opus
649 4543 709 4592 erut
725 4539 793 4606 (Act.
808 4541 856 4607 rs).
871 4539 907 4593 Et
946 4534 1744 4612 oreoestro.(Sersp.tSoiendumautemquodiraebissum

126 4631 153 4671 nc
169 4620 201 4673 ad
221 4638 326 4692 paucos
350 4624 491 4694 pertinere
519 4624 661 4680 videretur
682 4626 737 4681 ists
760 4627 902 4698 perfectio,
945 4623 1743 4703 genemunumquodenardesoitintrinceenmliudquod

126 4708 254 4764 umnam
276 4711 493 4768 simulacrorum
515 4714 679 4770 servitutem
702 4733 763 4770 esse
786 4721 906 4772 testatus
946 4720 977 4774 in
998 4719 1114 4774 verbum
1136 4724 1250 4788 etopus
1269 4716 1456 4784 effectumque
1480 4713 1650 4786 prorumpit,
1667 4717 1743 4787 quod

125 4800 158 4850 ut
173 4816 180 4850 :
198 4816 249 4854 nec
271 4800 426 4857 immerito.
451 4802 584 4874 Quisquis
606 4804 681 4861 enim
703 4822 760 4861 non
778 4823 905 4861 commu·
946 4808 1043 4864 odium
1059 4812 1248 4879 nuncupatur,
1270 4805 1305 4860 de
1324 4803 1427 4875 quibus
1441 4807 1471 4858 et
1482 4803 1649 4876 Apostolus:
1662 4805 1744 4861 Nunc

125 4883 186 4941 slat
208 4890 425 4945 necemtatibus
450 4909 614 4963 egenorum,
642 4901 671 4949 et
696 4896 821 4966 pecuniae
847 4912 905 4951 suae
945 4902 1039 4952 autem
1051 4900 1185 4966 dmonitc,
1197 4894 1300 4966 inquit,
1314 4899 1340 4948 et
1352 4909 1399 4948 uos
1411 4910 1522 4948 omnem
1539 4895 1617 4949 mom
1631 4899 1656 4949 et
1668 4896 1744 4951 iadi-

124 4986 193 5043 m
213 4979 323 5034 infideli
347 4980 499 5035 tenacitate
527 4988 681 5051 conservat,
700 4984 805 5039 Christi
833 5002 904 5056 prce-
946 4989 1104 5055 qnotc‘onem
1121 4985 1256 5040 :medum
1269 4983 1344 5055 quod
1361 4988 1460 5039 nonut
1474 4981 1744 5039 dhfememadho·

123 5070 191 5135 *pls
201 5069 355 5140 postponit,
369 5069 534 5125 idololatria
552 5072 658 5127 crimen
682 5074 809 5138 incurrit,
826 5090 905 5129 amo
945 5092 1007 5130 ram
1022 5075 1176 5146 digeretur,
1187 5073 1236 5128 sed
1251 5088 1302 5145 per
1315 5072 1376 5127 dies
1389 5078 1419 5127 et
1430 5078 1560 5143 tempora
1572 5077 1741 5138 rasurus,

121 5164 170 5207 nu
183 5156 289 5211 adlitat
307 5157 435 5213 materiae
458 5159 609 5213 mundialis
632 5161 733 5216 divinis
755 5163 905 5234 preferens
947 5165 1022 5236 quod
1035 5180 1173 5219 annorum
1195 5168 1309 5218 centum
1329 5162 1441 5228 dicitur,
1457 5177 1520 5232 quas
1533 5160 1743 5233 omniaaquali

122 5238 247 5298 autimi.
263 5248 385 5315 (Αηιὺν.)
405 5248 569 5302 Notandum
588 5250 661 5319 quod
682 5250 821 5306 idolorum
845 5252 906 5306 cul-
946 5252 1433 5310 tuntauobishorroredammuda.
1445 5250 1742 5321 Quaqmquntillam

118 5333 370 5390 maestitiam
392 5337 509 5399 vocavit,
534 5339 704 5410 quasique
729 5357 746 5394 a
773 5341 905 5396 similitu·
946 5358 1089 5399 summum
1101 5337 1616 5414 divinipramiicupimucsdipiacicle
1630 5340 1741 5412 quodi·

117 5417 176 5475 dne
189 5422 239 5478 Dei
255 5440 305 5479 eos
327 5425 417 5497 possit
437 5426 589 5481 divellere:
607 5444 658 5483 nec
677 5429 752 5484 enim
775 5431 906 5502 possibile
947 5432 1020 5486 cium
1034 5449 1043 5484 ε
1058 5432 1135 5485 Beati
1148 5432 1253 5485 mum
1266 5432 1354 5496 corde,
1366 5428 1743 5500 quoauuipcwcemoide

116 5517 155 5565 «t
167 5517 199 5566 ut
211 5513 275 5583 quis
288 5530 320 5568 se
333 5530 352 5568 a
365 5515 457 5586 pravis
475 5515 597 5587 negotiis
616 5516 765 5584 abstineat,
781 5519 829 5589 qui
844 5520 906 5590 plus
947 5523 1016 5575 bunt
1036 5520 1147 5592 (dotti.
1165 5522 1204 5590 rt,
1228 5535 1286 5575 non
1298 5519 1391 5574 solum
1404 5518 1464 5573 baec
1477 5534 1493 5573 e
1506 5517 1612 5573 secun
1633 5515 1742 5573 aetiten

114 5596 905 5676 &metamaucensemuuqqldcoavutuamtdu
948 5609 1186 5682 amputandam,
1203 5608 1349 5665 andedam
1358 5608 1395 5663 de
1407 5606 1516 5667 muna
1527 5603 1742 5663 westu—
