3772 6120
120 283 166 338 liii
367 285 655 345 ENARRATIONUM
674 287 712 341 IN
731 285 807 341 EPP.
829 284 936 340 PAULI
955 285 1024 340 LlB.
1045 285 1170 340 XXV-
1183 286 1223 341 IN
1242 287 1354 343 EPIST.
1374 288 1422 343 All
1440 288 1510 344 VlT.
1708 288 1760 344 0:18

121 409 273 462 electorum
288 417 318 464 et
327 409 514 479 cognitionem
529 411 684 475 veritatis»
693 411 845 480 junxerit«
856 413 951 479 quaeA
962 409 1037 463 Deus
1052 408 1137 463 Pater
1151 409 1296 481 sapientie
1311 428 1368 466 suae
1383 411 1498 466 verbum
1520 427 1614 479 suum,
1630 417 1659 466 et
1670 411 1760 484 ipsam

117 499 196 567 juxte
210 498 347 568 pietatem
361 506 413 552 est.
431 520 444 551 »
460 499 632 554 Utrumnam
646 501 683 554 sit
703 500 797 570 aliqua
815 499 919 553 veritas
961 497 1129 569 sapientiam
1151 514 1242 566 suam,
1263 506 1292 554 et
1313 499 1399 554 vitam
1427 517 1525 555 eorum
1552 500 1600 573 qui
1627 501 1760 556 credituri
1816 518 1819 523 ·

121 602 179 657 quar
194 603 253 641 rron
268 587 298 642 in
314 589 418 659 pietate
428 589 466 642 sit
480 588 580 659 posita,
591 594 619 642 et
630 605 704 643 nunc
719 588 754 642 nd
766 587 920 642 distinctio·
961 592 1051 652 erant,
1063 587 1168 641 mundo
1184 604 1245 642 esse
1263 593 1421 643 venturam.
1447 589 1604 659 Diligenter
1624 589 1761 645 attendite

121 691 182 729 nem
199 675 276 730 illius
296 676 434 731 inseratur
454 676 577 747 cognitio
607 677 741 743 veritatis,
766 693 826 747 quae
839 677 919 746 juxta
962 679 1068 729 textum
1083 680 1111 730 et
1120 676 1249 731 ordinem
1272 677 1410 744 lectionis,
1432 678 1566 749 quoniam
1578 678 1638 734 rita
1656 684 1764 734 eterna

120 764 253 835 pietatem
270 766 335 819 est?
352 767 401 820 Est
416 767 497 837 plane
508 767 611 820 recitas
626 783 687 837 quae
703 783 760 820 non
769 765 855 819 habet
863 766 920 836 pie
961 764 1390 835 quamnonmendaxDeusante
1397 766 1760 839 saeculaaeternapromisit,

119 858 216 906 tatem.
234 854 265 908 Si
280 854 342 925 quis
356 856 570 926 grammaticam
581 861 672 909 artem
684 854 848 919 nouerit,rel
862 854 920 909 dia·
960 869 1018 907 non
1029 851 1085 907 alia
1094 853 1132 907 sit
1140 853 1245 924 absque
1260 854 1343 910 verbo
1363 855 1424 910 Dei.
1444 873 1457 905 r
1474 855 1662 911 manifestavit
1674 856 1760 924 enim,

121 941 247 995 lecticam
267 949 299 996 ut
318 943 455 998 rationem
470 949 544 998 recte
563 943 696 1015 loquendi
713 943 825 1006 lrabeat,
842 948 870 997 et
879 941 920 996 in·
960 939 1062 1012 inquit,
1078 941 1253 1012 temporibus
1262 944 1322 997 suis
1336 943 1453 999 verbum
1464 961 1579 1000 suum.»
1591 945 1665 1016 Fuge
1675 962 1761 1018 quam

119 1030 241 1084 tertalsa
256 1036 285 1085 et
300 1048 365 1086 rora
386 1033 531 1102 dijudicet.
552 1032 729 1087 Geometrica
753 1048 863 1103 quoque
891 1037 931 1086 et*
960 1030 1129 1101 promiserat
1143 1031 1229 1085 vitam
1244 1037 1390 1094 aeternam,
1399 1033 1514 1105 ipsaest
1527 1033 1652 1089 Verbum
1665 1050 1759 1101 suurn,

118 1119 306 1186 arithmetica,
324 1126 353 1174 et
368 1120 476 1174 musica
489 1120 595 1175 habent
609 1122 638 1175 in
649 1137 701 1175 sua
716 1121 834 1175 scientio
845 1120 919 1175 reri·
961 1119 1036 1190 quod
1048 1120 1079 1174 in
1094 1119 1230 1191 principio
1241 1127 1303 1175 erat
1315 1121 1390 1193 apud
1405 1122 1532 1177 Patrem:
1547 1128 1598 1178 cet
1610 1123 1686 1178 Deus
1700 1128 1764 1177 erat

117 1215 205 1262 tatem
224 1227 230 1261 ε
247 1209 296 1263 sed
311 1226 367 1263 non
385 1217 429 1263 est
447 1210 565 1264 scientia
588 1210 637 1263 illa
658 1210 779 1280 pietatis
797 1209 920 1264 Scientia
960 1207 1093 1275 Verbum,
1105 1214 1134 1263 et
1144 1208 1268 1264 Verbum
1283 1226 1348 1264 caro
1361 1211 1466 1266 lactum
1480 1217 1567 1266 estet
1581 1211 1762 1268 habitaritin

118 1297 231 1368 pietatis
254 1303 297 1351 est
318 1314 432 1352 noscere
452 1299 552 1368 legem,
576 1298 733 1368 intelligere
758 1298 917 1369 prophetas,
960 1295 1041 1351 nobis
1056 1298 1147 1365 (loon.
1165 1298 1192 1368 r).
1210 1318 1223 1351 r>
1239 1298 1320 1363 Quod
1331 1305 1426 1354 autem
1440 1299 1563 1356 Verbum
1578 1300 1639 1367 Dei,
1656 1301 1709 1356 hoc
1718 1307 1761 1357 est

118 1386 269 1457 Evangelio
296 1387 426 1454 credere,
449 1388 589 1459 apostolos
624 1404 680 1441 non
716 1387 855 1457 ignorare.
885 1388 920 1441 Et
961 1385 1099 1452 Christus,
1115 1385 1174 1458 ipse
1190 1386 1227 1442 sit
1240 1387 1307 1454 rita,
1321 1387 1351 1444 in
1367 1388 1422 1443 alio
1436 1388 1497 1444 loco
1512 1389 1759 1445 testaturdicens:

119 1491 134 1529 e
148 1476 291 1530 contrario
304 1476 462 1531 multisunt
472 1476 520 1547 qui
531 1475 636 1531 habent
645 1475 859 1547 pietatisveram
871 1493 919 1530 co·
962 1492 976 1526 u
993 1474 1050 1546 Ego
1069 1492 1133 1530 sum
1147 1474 1486 1547 circumcuntium
1503 1494 1568 1533 vero
1583 1494 1640 1535 nun
1657 1477 1760 1547 brevis,

118 1564 286 1633 gnitionem,
299 1566 349 1619 sed
364 1582 420 1619 non
435 1566 531 1619 statim
545 1571 573 1619 et
586 1570 751 1619 caeterarum
761 1565 875 1630 artium,
890 1570 920 1620 ct
959 1579 1016 1617 non
1029 1563 1171 1635 aliquibus
1185 1564 1397 1637 circumscripta
1410 1566 1595 1637 temporibus,
1607 1567 1656 1622 sed
1663 1583 1761 1639 perpe-

117 1669 214 1708 earum
225 1654 260 1708 de
271 1653 371 1725 quibus
386 1671 472 1725 supra
486 1655 657 1708 mentionem
676 1653 801 1719 lecimus,
819 1654 919 1708 rer-ita·
958 1658 1017 1719 tua,
1034 1653 1083 1707 sed
1093 1660 1200 1707 eterna
1215 1672 1220 1707 :
1238 1670 1299 1724 quae
1314 1655 1496 1710 manifestata
1505 1655 1589 1711 estin
1603 1656 1761 1711 novissimis

117 1751 185 1796 tem.
204 1743 271 1796 Herc
286 1743 373 1812 igitur
387 1744 497 1809 veritas,
514 1744 594 1813 cujus
605 1743 728 1813 cognitio
740 1744 822 1813 juxta
832 1713 1076 1814 pieta-Bsaeculis,
1102 1758 1153 1812 per
1172 1741 1400 1814 praedicationem
1422 1760 1483 1815 quas
1497 1745 1605 1800 credita
1617 1749 1660 1799 est
1673 1745 1760 1806 Paulo

117 1837 174 1885 tern
190 1840 243 1894 est,
255 1832 284 1884 in
294 1849 343 1902 spe
357 1832 420 1885 ritae
433 1838 543 1886 aeternae
558 1832 650 1902 posita
665 1838 724 1886 est:
742 1832 809 1902 quia
823 1831 918 1886 statim
959 1829 1066 1884 doctori
1079 1830 1207 1901 gentium
1223 1838 1252 1886 et
1264 1832 1411 1903 magistro,
1437 1842 1469 1887 ut
1484 1833 1702 1889 annuntiaretur
1727 1833 1758 1888 in

117 1919 153 1984 ei,
165 1920 215 1991 qui
229 1937 259 1973 sc
283 1921 453 1991 cognoverit,
470 1921 617 1992 praemium
636 1919 736 1975 tribuit
753 1920 919 1975 immortali·
959 1918 1074 1985 mundo,
1091 1925 1120 1972 et
1134 1918 1295 1974 homiuibus
1317 1926 1384 1975 nota
1408 1921 1498 1987 sreret,
1511 1923 1594 1991 juxta
1607 1922 1759 1994 imperium

117 2008 193 2062 tatis.
206 2008 320 2079 Absque
335 2010 440 2080 pietate
454 2026 519 2064 sero
529 2010 631 2063 notitia
653 2009 780 2063 veritatis
797 2010 919 2064 delectat
958 2007 1111 2062 Salvatoris
1121 2007 1231 2079 Dei,qui
1241 2024 1292 2063 nos
1302 2009 1393 2063 salvos
1403 2025 1464 2063 esse
1478 2010 1607 2078 voluitid
1617 2011 1692 2084 quod
1702 2011 1760 2083 pol·

117 2098 152 2151 ad
166 2114 291 2168 praesens
301 2117 306 2151 :
315 2099 364 2152 sed
372 2098 558 2152 aeternitatem
570 2115 624 2152 non
632 2097 717 2152 habet
726 2098 915 2169 praemiorum,
957 2095 1050 2151 licitus
1060 2097 1153 2151 luerat
1162 2096 1421 2168 implendo.Scribit
1430 2102 1525 2151 autern
1534 2098 1686 2170 Apostolus
1695 2099 1759 2154 'lito

116 2203 201 2257 quarn
213 2186 344 2257 promisit
357 2204 413 2242 non
425 2187 543 2241 mendax
559 2188 634 2241 Deus
649 2193 714 2241 ante
730 2187 831 2241 secula
839 2193 918 2241 mter·
959 2184 1214 2240 ‹charissimolllio
1226 2205 1239 2237 r>
1251 2185 1326 2256 quod
1338 2186 1434 2240 Graece
1448 2185 1554 2240 dicitur
1562 2187 1664 2268 γνησίῳ
1673 2187 1759 2268 τέκνῳ

115 2291 160 2338 na,
176 2281 206 2329 et
218 2276 407 2330 manifestarit
421 2293 484 2331 eam
498 2276 672 2347 temporibus
688 2277 746 2330 suis
762 2276 790 2330 in
805 2276 916 2331 Christo
957 2279 986 2338 et
995 2274 1082 2329 latino
1090 2290 1219 2329 sermone
1231 2290 1290 2331 non
1298 2280 1392 2346 potest
1402 2274 1534 2346 explicari
1545 2292 1551 2328 :
1564 2276 1671 2353 γνήσιος
1682 2275 1758 2329 enim

115 2365 189 2418 lesu.
207 2365 261 2418 Cui
275 2371 370 2419 autern
385 2371 450 2420 ante
465 2365 603 2436 promisit,
620 2371 649 2419 et
663 2371 761 2436 postea
774 2365 840 2419 serit
855 2382 916 2419 esse
955 2361 1009 2416 hoc
1022 2363 1114 2434 potius
1129 2368 1221 2428 sonat,
1237 2378 1302 2418 curn
1316 2363 1379 2434 quis
1393 2363 1493 2431 tidelis,
1503 2362 1711 2434 etproprius,et
1720 2370 1754 2417 ut

115 2454 303 2526 perspicuam,
319 2455 372 2508 nisi
391 2455 536 2526 sapientiae
555 2471 613 2509 sua
635 2472 697 2525 quer
720 2462 782 2509 erat
804 2471 917 2526 semper
957 2450 998 2505 ita
1006 2451 1099 2506 dicam
1113 2452 1266 2522 legitimus,
1278 2453 1335 2507 sive
1349 2468 1512 2523 germanus,
1527 2451 1634 2524 absque
1645 2467 1757 2523 compe·

116 2560 179 2597 cum
195 2544 386 2611 Patrc(l’roc.
404 2549 471 2613 rin),
492 2561 555 2598 curn
577 2545 721 2598 laetaretur
739 2543 806 2598 orbe
828 2543 916 2615 perfe-
956 2540 1064 2594 ratione
1093 2541 1210 2595 alterius
1238 2542 1405 2613 appellatur.
1429 2542 1468 2597 Ex
1490 2557 1546 2613 quo
1575 2539 1757 2610 intelligimus

114 2638 167 2699 cto,
179 2642 208 2686 et
217 2633 355 2703 gauderet
364 2650 449 2704 super
465 2633 530 2687 liliis
545 2633 702 2699 hominum,
717 2639 746 2686 et
754 2633 916 2704 repromisit
956 2629 1041 2685 luisse
1057 2635 1086 2685 et
1098 2631 1128 2685 in
1144 2630 1210 2685 liliis
1223 2630 1304 2686 Pauli
1319 2629 1755 2702 plurimamdillerentiern,quod

118 2738 164 2775 eos
179 2723 340 2792 quicunque
351 2722 380 2776 in
393 2723 441 2776 illa
454 2723 587 2776 credituri
598 2726 700 2787 essent,
708 2721 853 2776 habituros
867 2738 915 2775 eos
955 2718 1026 2773 ahos
1054 2718 1170 2773 haberet
1197 2718 1330 2796 γνησίους,
1349 2719 1378 2773 id
1405 2724 1449 2773 est
1474 2718 1705 2790 gennanissimos
1728 2726 1759 2773 et

118 2811 200 2864 ritem
208 2812 516 2881 aeternamlhntequam
526 2810 913 2881 orbisjaceretfundamenta,
955 2806 1008 2862 sibi
1023 2810 1188 2879 conjunctos
1200 2812 1230 2862 et
1242 2808 1354 2864 devere
1367 2809 1549 2863 matrimonio
1565 2825 1597 2863 ac
1617 2808 1653 2862 de
1668 2805 1757 2863 libers

117 2904 266 2970 antequam
276 2900 368 2954 usaria
380 2900 558 2966 dillunderet,
571 2905 681 2954 montes
695 2905 841 2965 statueret,
859 2915 915 2952 coe-
955 2901 1117 2968 procreatos
1134 2915 1140 2950 :
1155 2896 1300 2951 aliosrero
1311 2897 1435 2968 quasiex
1449 2897 1552 2952 ancilla
1570 2901 1599 2951 et
1617 2913 1651 2951 ex
1668 2897 1755 2967 Agar,

117 2988 170 3042 lum
185 2989 381 3060 suspenderet,
393 2994 498 3042 terram
508 2989 618 3058 dejecta
628 2989 700 3043 mole
710 2988 914 3054 solidaret,haec
954 2986 1001 3057 qui
1017 3002 1072 3040 non
1088 2990 1203 3057 possent
1221 2985 1416 3041 hereditatem
1432 2987 1558 3059 accipere
1577 3002 1643 3041 cum
1660 2983 1756 3041 libers

120 3078 243 3147 promisit
256 3078 378 3140 Deus,in
393 3095 448 3148 quo
457 3077 633 3132 mendacium
648 3093 704 3131 non
720 3078 838 3131 estNon
847 3053 1012 3147 quinctilio
1022 3073 1177 3143 lsaacldat.
1194 3077 1241 3143 rr).
1255 3074 1353 3129 Sermo
1364 3075 1467 3147 quippe
1478 3081 1507 3130 et
1516 3075 1693 3148 sapientiaet
1706 3074 1755 3129 do·

122 3167 202 3236 possit
215 3166 338 3231 mentiri,
357 3174 386 3220 et
401 3166 471 3220 nolit
484 3166 513 3220 in
536 3166 667 3220 salsitatis
684 3165 768 3219 verba
782 3182 913 3236 prorum·
954 3163 1053 3230 ctrina,
1070 3179 1126 3234 qua
1139 3162 1219 3218 Titus
1242 3163 1347 3218 Christi
1362 3164 1494 3219 ecclesias
1510 3163 1679 3231 instruebat,
1695 3162 1755 3219 etu-

125 3271 190 3325 pere,
207 3256 256 3309 sed
272 3255 338 3326 quia
354 3256 401 3325 qui
415 3261 496 3327 pater
513 3255 550 3308 sit
565 3255 701 3321 veritatis,
714 3254 823 3309 nullum
837 3254 866 3309 in
883 3272 913 3310 se
954 3252 1066 3308 ciebant
1079 3268 1144 3306 cunr
1164 3251 1309 3323 proprium
1323 3252 1451 3324 Apostoli
1465 3253 1564 3319 filium,
1580 3258 1610 3308 et
1624 3252 1660 3307 ab
1674 3252 1752 3307 omni

125 3342 199 3398 habet
220 3345 407 3399 mendacium.
439 3345 505 3398 Scd'
522 3361 572 3398 nec
597 3345 650 3398 hoc
671 3343 783 3398 silentio
802 3350 914 3415 praeter·
954 3342 1074 3396 aliorum
1100 3340 1238 3396 consortio
1254 3349 1426 3412 separatum.
1443 3341 1596 3397 Videamus
1609 3347 1674 3414 post
1689 3341 1750 3396 hec

128 3433 800 3504 eundumest‚qu0modononmendaxDeus,antc
809 3439 914 3488 aeterna
955 3430 1029 3501 quod
1057 3430 1227 3501 sequitur,«
1253 3430 1409 3484 secundum
1431 3444 1609 3486 communem
1623 3428 1751 3496 iidem»

129 3522 222 3585 secula,
234 3528 369 3577 aeternam
383 3522 565 3594 spoponderit
578 3522 673 3576 vitam.
698 3522 737 3576 Ex
757 3538 811 3593 quo
832 3523 914 3592 Juxta
955 3524 1117 3573 utrumnam
1132 3518 1258 3572 omnium
1274 3518 1322 3589 qui
1336 3519 1366 3573 in
1378 3519 1491 3573 Christo
1502 3517 1662 3583 credebant,
1678 3533 1753 3572 conr·

130 3606 260 3665 historiam
277 3611 418 3665 Geneseos
430 3611 519 3665 sactus
529 3618 573 3664 est
583 3611 714 3675 mundus,
730 3616 760 3664 et
774 3627 825 3681 per
838 3611 910 3664 vices
951 3623 1066 3662 munem
1075 3606 1177 3661 dixerit
1190 3606 1288 3660 iidem:
1301 3622 1338 3661 an
1347 3623 1526 3661 communem
1543 3622 1624 3661 suam
1638 3610 1751 3662 tanturn

132 3699 236 3754 nocuum
252 3716 284 3754 ac
294 3700 593 3766 dierum,etmensium
608 3700 715 3770 pariter
723 3705 752 3754 et
760 3715 908 3762 annorum,
951 3702 980 3752 et
992 3695 1156 3760 TitilQuod
1171 3693 1284 3766 quidem
1299 3694 1368 3749 mihi
1383 3695 1485 3749 melius
1507 3693 1619 3749 ridetur
1631 3692 1752 3766 apostoli

132 3790 239 3860 tempora
252 3789 407 3844 constituta
425 3795 500 3843 sunt.
522 3791 553 3844 ln
578 3789 631 3842 hoc
651 3787 790 3843 curriculo
805 3794 834 3842 et
848 3792 911 3842 rota
951 3784 1032 3840 Pauli
1041 3789 1070 3838 et
1077 3782 1133 3838 'l'iti
1143 3783 1228 3838 tidem
1237 3782 1324 3838 fuisse
1333 3797 1614 3854 communem,quam
1624 3780 1751 3837 omnium

133 3876 209 3931 nundi
221 3882 351 3950 tempora
370 3877 503 3932 labuntur
515 3884 543 3931 et
557 3877 681 3944 veniunt,
699 3883 728 3930 et
745 3881 795 3931 aut
816 3876 912 3931 lutura
951 3872 1142 3939 credentium,
1157 3872 1187 3926 in
1202 3870 1303 3943 quibus
1317 3887 1368 3943 pro
1378 3876 1514 3925 varietate
1533 3869 1672 3925 mentium
1679 3869 1751 3925 tides

133 3972 183 4018 sunt
204 3974 252 4021 aut
277 3967 401 4021 luerunt.
414 3967 494 4022 Unde
532 3966 645 4037 quidam
678 3966 910 4038 philosophorum
952 3959 1233 4034 quoquecommunis
1246 3976 1373 4015 essenon
1388 3965 1508 4032 poterat,
1524 3958 1573 4014 sed
1583 3958 1750 4015 dirersaAd

134 4064 176 4106 non
198 4062 296 4126 putant
319 4073 379 4110 esso
406 4063 517 4126 tempus
536 4072 667 4126 praesens,
694 4056 742 4109 sed
771 4060 821 4108 aut
842 4070 911 4124 pree·
952 4049 1248 4121 extremumpraesatio
1262 4045 1751 4120 Epistolaeetsalutatiopraelstionis

135 4143 228 4199 teritum
238 4152 289 4200 aut
300 4145 445 4199 futurum:
468 4144 534 4215 quia
559 4161 641 4198 omne
656 4144 730 4214 quod
759 4143 908 4213 loquimur,
950 4137 1077 4211 Apostoli
1091 4137 1127 4192 ad
1135 4138 1230 4193 Titum
1246 4137 1297 4192 tali
1316 4139 1372 4191 tine
1388 4136 1562 4209 completur:
1581 4156 1593 4187 ι
1609 4132 1709 4190 Gratia
1723 4138 1752 4188 et

135 4230 231 4298 agimus,
255 4235 422 4304 cogitemus,
438 4241 489 4287 aut
520 4234 587 4288 dum
613 4234 655 4299 srt,
671 4232 804 4303 preterit,
821 4237 871 4285 aut
887 4232 911 4285 si
952 4244 1005 4299 pax
1018 4244 1036 4281 a
1047 4228 1106 4299 Deo
1117 4227 1201 4281 Patre
1210 4232 1239 4280 et
1253 4227 1365 4281 Christo
1377 4227 1445 4281 lesu
1460 4225 1603 4281 Salvatore
1617 4229 1748 4279 nostro.»

136 4321 236 4376 rendum
255 4323 360 4377 facturn
389 4328 441 4388 est,
462 4330 665 4394 exspectamus.
686 4323 760 4375 Ante
782 4321 842 4375 hac
862 4320 912 4390 igi·
953 4316 1016 4372 Sive
1030 4316 1105 4388 quod
1119 4321 1148 4371 et
1159 4315 1252 4386 gratia
1261 4314 1510 4387 etpaxtamaDeo
1520 4314 1604 4368 Patre
1613 4312 1652 4367 sit
1665 4326 1750 4383 quarn

136 4406 271 4466 tllrmundi
291 4417 429 4483 tempora,
445 4413 631 4466 aeternitatem
653 4410 803 4482 quamdam
827 4426 911 4464 seecu-
951 4405 1095 4461 aCbristo
1110 4406 1186 4472 lesu,
1198 4412 1227 4458 et
1239 4409 1391 4475 utrumque
1401 4402 1436 4457 ab
1446 4407 1566 4473 utroque
1578 4400 1676 4455 datum
1685 4416 1750 4470 pos·

137 4488 206 4553 lorum
226 4501 312 4556 luisse
335 4501 505 4555 credendum
524 4506 575 4567 cst,
593 4499 693 4572 quibus
716 4515 827 4570 semper
846 4515 911 4553 curn
951 4494 989 4549 sit
1002 4493 1138 4566 intelligi:
1154 4492 1292 4565 sichuod
1301 4491 1394 4563 gratia
1406 4490 1441 4545 ad
1458 4491 1581 4556 Patrem,
1597 4493 1628 4542 et
1639 4503 1694 4560 pax
1707 4505 1751 4542 re·

138 4576 189 4640 Filio
201 4597 226 4645 ct
239 4591 347 4663 Spiritu
362 4598 458 4645 sancto
473 4591 559 4645 luerit
573 4591 664 4656 Pater,
672 4595 701 4643 et
712 4593 744 4642 ut
756 4589 798 4642 ita
807 4587 909 4654 dicam,
951 4583 1099 4638 feraturad
1108 4581 1396 4652 FiliumNonabsque
1405 4577 1537 4650 scrupulo
1545 4576 1751 4632 transeundum

139 4680 204 4731 llum
216 4686 328 4751 tempus
338 4679 388 4736 Dei
397 4679 539 4733 estomnis
550 4678 692 4732 aeternitas
702 4696 707 4730 :
718 4677 774 4731 imo
784 4677 912 4731 innume·
952 4670 1077 4743 estquod
1087 4669 1255 4743 quibusdam
1269 4668 1418 4740 Apostolus
1428 4667 1599 4738 imprecatus
1609 4670 1697 4733 est,ut
1710 4663 1750 4719 eis

139 4757 213 4820 utha
222 4773 352 4840 tempora
366 4775 441 4834 sunt,
451 4784 515 4822 cum
525 4768 652 4822 insrnitus
661 4766 698 4820 sit
710 4767 770 4837 ipse
784 4765 832 4837 qui
846 4772 911 4820 ante
951 4761 1044 4832 gratia
1052 4765 1081 4816 et
1094 4777 1148 4832 pax
1159 4758 1429 4829 multiplicarentur:
1441 4772 1517 4811 nunc
1530 4771 1595 4812 vero
1605 4754 1642 4810 ad
1655 4754 1751 4810 Titum

139 4850 241 4924 lempna
254 4874 337 4911 omne
357 4864 468 4928 tempus
486 4857 603 4911 excedit.
625 4857 677 4910 Sex
693 4856 768 4909 mille
791 4855 911 4909 necdum
951 4867 1005 4923 pax
1020 4856 1049 4904 et
1060 4848 1153 4919 matie
1166 4848 1227 4903 sine
1237 4845 1469 4918 multiplicatione
1488 4845 1547 4900 sint
1564 4843 1671 4917 posita.
1690 4843 1751 4898 Noe

140 4944 205 4997 lutri
218 4946 293 5000 orbis
303 4947 457 5018 implentur
471 4946 551 5000 anni:
568 4951 598 4999 et
608 4951 728 5016 quantas
738 4945 816 5015 prius
828 4949 910 4998 reter—
951 4938 995 4993 vir
1011 4939 1107 5010 justus
1120 4942 1179 4992 ete
1199 4936 1335 5006 naufrago
1355 4933 1422 4989 orbe
1444 4935 1520 4990 solus
1541 4938 1678 4999 servatus
1694 4947 1751 4986 non

140 5021 226 5101 Vane,
239 5042 346 5107 quanta
359 5043 496 5107 tempora,
514 5035 810 5106 quantassaeculorum
825 5032 910 5102 origi·
952 5028 1056 5083 dicitur
1084 5027 1178 5098 plures
1205 5024 1321 5096 gratias,
1346 5024 1394 5078 scd
1418 5040 1505 5078 unam
1529 5021 1650 5094 gratiam
1672 5021 1750 5074 inve·

140 5123 175 5169 re
182 5120 258 5179 luisse
273 5124 470 5179 arbitrandum
486 5132 537 5187 est,
555 5124 583 5177 in
598 5123 700 5195 quibus
716 5122 818 5193 angeli,
834 5121 911 5176 thro-
952 5118 1027 5172 nisse
1043 5117 1072 5170 in
1087 5119 1237 5186 conspectu
1251 5113 1311 5169 Dei.
1321 5114 1356 5168 Et
1365 5113 1457 5168 Moses
1467 5112 1503 5167 ad
1517 5110 1679 5175 Dominum,
1696 5126 1710 5161 r
1726 5109 1750 5163 si

141 5200 907 5284 lioominationes,ceteraequevirtutesserviernnueo,
952 5206 1056 5273 inveni,
1082 5203 1183 5275 inquit,
1211 5202 1333 5273 gratim
1354 5202 1429 5274 apud
1458 5207 1497 5256 te.
1524 5196 1752 5253 »renatorum

141 5296 258 5372 eillisque
281 5309 442 5374 temporum
461 5302 565 5356 vicibus
587 5307 672 5372 utque
694 5300 842 5366 mensuris,
854 5301 912 5354 Deo
954 5295 1057 5367 quippe
1072 5299 1214 5348 estunam
1239 5290 1422 5361 margaritam
1435 5295 1465 5345 et
1482 5303 1572 5343 unum
1585 5286 1752 5342 thesaurum

138 5378 237 5449 lubra.
253 5392 447 5446 substiterint!
463 5393 536 5445 Ante
551 5392 610 5445 haec
624 5391 720 5461 itaque
731 5389 826 5443 omnia
838 5394 911 5442 tcm-
953 5382 1083 5440 omnibus
1096 5379 1259 5451 margaritis
1273 5384 1303 5433 et
1310 5379 1397 5435 totius
1411 5376 1576 5434 substantie
1588 5390 1647 5430 sua
1657 5389 1751 5428 emere

139 5484 196 5542 ltu,
212 5496 271 5551 quae
280 5497 334 5534 noc
347 5497 439 5534 sermo
453 5481 556 5552 eloqui,
569 5497 621 5534 nec
635 5496 715 5534 mens
731 5478 913 5550 comprehen-
953 5471 1121 5528 commercio
1138 5490 1143 5525 :
1162 5467 1355 5541 incipientium
1369 5484 1435 5522 vero
1447 5472 1477 5523 et
1496 5465 1589 5522 adhuc
1603 5463 1633 5521 in
1651 5463 1752 5518 itinere

137 5559 194 5633 lere,
208 5584 258 5624 nec
274 5569 407 5639 cogitatio
421 5569 508 5625 tacita
520 5569 606 5624 audet
620 5568 769 5638 attingere,
784 5565 913 5638 promisit
953 5559 1227 5635 positorummedum
1236 5573 1323 5613 unam
1333 5558 1459 5614 etsolam
1470 5552 1634 5622 habere,sed
1644 5551 1750 5624 plures.
