3786 6128
102 274 166 334 813
337 274 626 335 ΕΝΑΒΒΑΤΙΟΝΠΜ
644 276 684 332 IN
703 276 779 331 EPP.
802 276 909 332 PAULI
928 277 996 332 LIB.
1017 277 1115 333 XXIX.
1136 278 1225 333 -ΙΝ
1244 279 1356 335 aelst.
1376 280 1424 335 ΑΙ)
1444 280 1551 337 HEBR.
1712 284 1764 341 tlt

102 402 366 467 trenesmalelici,
383 402 573 473 sepulemrnm
584 400 802 473 depraedatorem
818 402 865 455 sed
888 400 959 461 illiA
970 402 1067 472 ltaque
1082 401 1126 455 bis
1140 402 1308 457 testimoniis
1318 403 1465 457 manifeste.
1479 405 1637 475 colligimus
1651 407 1764 467 Patrem

102 504 162 566 pro
173 506 234 543 sua
247 490 396 561 iniquitate
409 490 546 561 supplicia
560 490 715 560 patiuntur,
727 497 756 543 et
766 507 823 543 reon
832 496 927 545 alitem
968 486 1118 561 spifituurn
1128 491 1183 545 diei
1198 492 1337 546 neminem
1356 510 1446 563 posse.
1454 493 1508 547 nisi
1516 494 1605 549 Deum
1615 495 1706 550 solun
1717 497 1765 567 qui

102 575 188 637 sicut
201 580 256 633 lilii
272 580 460 649 flagellantur,
473 579 521 633 sed
537 579 610 633 sicut
624 579 735 649 pessimi
752 580 925 651 puniuntur3
968 594 1016 633 eos
1031 597 1063 632 ex
1085 580 1182 643 nihilo,
1204 597 1266 635 curn
1294 582 1422 641 voluerit,
1442 582 1530 636 lacit:
1551 583 1680 639 homines
1700 600 1765 641 vere

102 680 162 727 ,aas
178 675 283 722 autem
295 668 437 723 sicutdlii.
448 669 555 722 Deinde
575 686 607 721 ex
617 668 758 721 communi
774 676 803 722 et
818 668 928 739 publica
969 669 1060 721 earnis
1073 675 1175 723 nostra
1190 676 1284 740 patres
1298 671 1493 725 tantummodo
1508 672 1681 727 nominari«
1700 674 1766 728 Gar-

102 758 327 819 :adsuetudine
335 775 418 828 agere
431 774 495 811 curn
511 758 552 811 eis
566 756 698 812 instituit.
715 757 836 811 Intueris
857 774 927 828 quo·
968 758 1055 817 nales,
1072 757 1174 828 inquit,
1191 766 1301 813 nostros
1315 765 1410 830 patres
1425 759 1574 815 babuimus
1595 762 1723 817 docteres
1737 770 1767 818 et

102 845 201 909 modo
228 847 355 917 undique
383 851 550 911 argumenta
572 846 694 905 deducit,
724 863 756 900 ex
780 846 871 909 rebus,
894 864 928 901 ex
969 846 1132 900 educatores
1146 852 1176 900 et
1189 847 1354 901 verebamur
1362 865 1418 903 eos.
1431 850 1530 905 Nonne
1545 851 1634 904 multo
1643 853 1765 923 amplius

102 933 278 1007 scriptura,
299 953 332 989 ox
353 935 445 989 serbis
459 935 584 1000 dirersis
610 952 642 989 ex
666 936 925 990 ratiocinationibus
968 934 1067 1006 subjici
1075 935 1208 990 debemus
1222 937 1295 1008 patri
1305 937 1499 1008 spiritumet
1509 938 1764 1010 vivemusllloan.)

102 1024 253 1110 propriis,
267 1041 300 1079 ex
309 1023 540 1079 similitudinibus
557 1030 585 1077 et
605 1024 748 1095 exemplis,
766 1041 798 1078 er
812 1041 925 1079 conver·
966 1024 1047 1088 Quod
1061 1031 1156 1078 autern
1168 1025 1238 1079 dixit
1255 1026 1353 1097 «patri
1364 1027 1514 1098 spirituum
1526 1044 1539 1080 a
1556 1028 1767 1084 autcharisma-

103 1110 230 1177 atione
240 1114 305 1168 ritae
314 1114 490 1167 communis?
506 1138 518 1164 a
535 1113 645 1177 Quodsi
656 1121 734 1167 extra
748 1114 925 1185 disciplinam
965 1120 1026 1167 turn
1042 1113 1118 1176 dicit,
1131 1119 1180 1168 aut
1193 1114 1362 1175 orationum,
1372 1122 1422 1170 aut
1436 1115 1665 1186 incorporearum
1680 1117 1766 1172 virm·

112 1226 128 1263 ι
146 1202 230 1267 estis,
246 1203 326 1273 cuius
342 1202 491 1274 participes
509 1203 576 1257 lereti
591 1209 656 1257 sunt
673 1220 770 1257 omnes
785 1203 840 1263 isti,
858 1221 924 1272 ergo
965 1207 1026 1256 turn
1043 1222 1048 1256 z
1065 1203 1088 1257 si
1105 1203 1180 1256 enim
1193 1203 1233 1257 sic
1249 1204 1488 1265 rnerieraur,tunc
1501 1206 1658 1260 vivemus«
1674 1206 1709 1261 m
1721 1207 1764 1261 illi

116 1316 130 1351 ι
145 1290 269 1345 adulteri
280 1296 309 1345 et
320 1308 375 1346 non
386 1291 436 1346 tilii
450 1293 527 1346 estis.
542 1312 553 1343 o
570 1291 650 1355 Quod
665 1293 689 1346 si
708 1297 787 1346 extra
800 1293 924 1364 discipli·
969 1308 982 1342 a
999 1292 1112 1363 quidem
1126 1292 1154 1345 in
1169 1298 1295 1364 tempore
1310 1310 1463 1364 paucorum
1485 1294 1596 1348 dierum
1610 1296 1765 1351 secundum

119 1380 797 1453 namestis,inquit‚attendisquoniam.sieutjam
804 1382 926 1448 dixi,hoc
970 1402 982 1429 a
998 1382 1171 1436 voluntatem
1186 1398 1266 1436 suam
1274 1382 1441 1437 erudiebant
1450 1384 1665 1449 nos,bicautem
1679 1384 1764 1453 adid,

124 1470 270 1531 coufirmat
283 1470 350 1541 quia
365 1487 420 1524 non
440 1476 532 1541 potest
545 1470 619 1524 silius
633 1487 694 1524 esse
717 1471 763 1541 qui
775 1487 830 1524 non
845 1473 926 1527 casti·
969 1488 982 1521 «
998 1471 1072 1541 quod
1090 1470 1160 1524 utile
1173 1470 1650 1541 est.recipiendosanctificationem
1664 1474 1763 1543 ejus.»

130 1562 215 1635 gutur.
229 1558 308 1612 Sicut
321 1558 397 1613 enim
407 1558 574 1613 indomibus
584 1559 816 1630 patrumfamilias
826 1563 926 1616 nothos
968 1559 1029 1612 Non
1045 1559 1118 1613 enirn
1134 1559 1302 1613 discretione
1317 1576 1442 1631 personae
1457 1561 1532 1615 inter
1545 1567 1712 1617 cosmatum
1723 1566 1766 1616 est

134 1647 199 1706 illios
211 1647 356 1719 negligunt
368 1654 471 1719 patres,
486 1648 554 1701 acsi
576 1648 645 1701 nibil
666 1649 829 1713 doceantur,
850 1668 883 1704 nc
902 1652 925 1705 si
967 1647 1133 1709 differentia,
1151 1649 1225 1719 quod
1241 1649 1281 1702 illi
1295 1650 1409 1712 terreni,
1417 1649 1464 1703 ille
1478 1650 1609 1715 coelestis,
1620 1651 1668 1704 sed
1679 1650 1765 1705 etiam

139 1752 185 1794 non
198 1736 261 1791 liant
273 1737 389 1807 gloriosi
408 1757 413 1790 :
432 1754 482 1808 pro
505 1736 569 1791 liliis
592 1745 686 1791 autem
702 1738 821 1809 propriis
843 1724 955 1794 valdess
966 1753 998 1790 ex
1012 1737 1074 1807 ipsa
1087 1754 1181 1799 causa,
1199 1743 1273 1791 etex
1287 1737 1350 1809 ipsa
1367 1755 1397 1791 re
1414 1756 1420 1791 ε
1438 1755 1494 1793 nou
1518 1740 1593 1794 enim
1607 1740 1643 1793 de
1666 1740 1765 1799 emera

143 1830 262 1883 serentur.
285 1843 321 1880 ne
340 1844 388 1881 eos
412 1826 517 1880 malum
532 1826 673 1898 opprimat
691 1827 877 1897 negligentiae..
895 1829 924 1884 Si
966 1841 1050 1879 causa
1064 1825 1106 1879 vel
1121 1827 1156 1879 ad
1171 1842 1216 1880 res
1225 1826 1301 1897 ipsas
1316 1827 1463 1907 erudiunt:
1478 1828 1526 1881 sed
1538 1827 1579 1882 illi
1592 1827 1761 1899 quidem,ad

146 1914 219 1985 igilur.
229 1920 260 1968 ut
274 1932 331 1969 nou
342 1916 460 1987 quisquc
470 1916 632 1985 castigetur,
641 1917 791 1970 nothorurn
803 1922 846 1971 est
857 1917 926 1972 diio—
967 1915 1040 1985 quod
1051 1914 1090 1968 eis
1104 1915 1216 1969 ridetur
1231 1933 1236 1967 :
1253 1915 1306 1969 boc
1321 1922 1365 1969 est
1377 1917 1550 1987 uoluptatem
1561 1932 1643 1970 suam
1653 1916 1765 1971 deside·

149 2018 201 2059 rue.
213 2009 320 2075 oportet
326 2021 377 2058 nos
386 2005 510 2073 gaudere
518 2022 582 2059 curn
593 2006 774 2076 castigamur,
787 2005 924 2076 siquidem
967 2004 1096 2074 riumquc
1110 2004 1289 2074 complentes,
1307 2020 1357 2058 nec
1372 2004 1476 2075 ubique
1489 2006 1564 2076 quod
1577 2006 1646 2060 utile
1660 2010 1713 2072 est,
1722 2007 1765 2061 vel

150 2092 187 2151 iet
199 2082 256 2148 liliis
265 2094 388 2165 propriis
402 2094 563 2155 adlribetur;
581 2094 698 2164 proinde
715 2100 864 2166 propterea
874 2112 925 2150 no·
968 2093 1102 2147 condecet
1115 2093 1265 2147 attendunt
1281 2111 1286 2145 :
1302 2093 1347 2146 iric
1362 2099 1457 2147 autem
1468 2108 1523 2148 non
1535 2094 1766 2163 potestslmiliter

151 2180 230 2237 Qum
243 2183 390 2237 sicutcum
404 2182 469 2237 illlis
479 2184 539 2253 agit
552 2183 636 2238 Deus.
967 2181 1129 2253 dicineque
1144 2187 1259 2252 propter
1273 2182 1380 2253 aliquid
1392 2199 1449 2237 sure
1464 2182 1614 2253 voluptatis
1627 2183 1763 2251 bociacit,

177 2270 290 2325 «Deinde
308 2278 402 2342 patres
425 2270 538 2341 quidem
553 2271 645 2325 carnis
661 2275 762 2326 nostrae
777 2272 925 2327 habuimus
967 2271 1016 2324 sed
1027 2278 1141 2342 propter
1153 2277 1279 2325 nostram
1289 2272 1517 2326 commoditatem
1527 2272 1583 2325 :illi
1594 2277 1689 2326 autem
1700 2272 1764 2327 ideo

154 2360 309 2415 teruditores
323 2366 352 2414 et
366 2359 564 2415 reverebamur
577 2378 634 2426 eos,
651 2377 707 2414 non
722 2361 811 2415 multa
835 2363 924 2433 magis
967 2376 1015 2414 ros
1033 2361 1209 2427 enidiebant,
1225 2361 1327 2431 inquit,
1344 2367 1376 2414 ut
1390 2360 1458 2431 ipsis
1482 2359 1581 2415 essetis
1601 2360 1695 2427 utiles,
1711 2361 1762 2415 ali·

154 2447 408 2520 (obtemperabimus
432 2450 504 2521 patri
527 2449 677 2520 spirituum
692 2455 720 2502 ct
746 2450 893 2504 vivemus?
909 2471 922 2504 a
966 2450 1078 2519 quando
1090 2450 1217 2504 fortassis
1232 2450 1318 2504 etiam
1332 2450 1393 2503 sine
1403 2466 1488 2504 causa
1504 2448 1567 2503 :hic
1580 2456 1677 2504 autern
1692 2450 1764 2505 nihil

153 2532 230 2591 lterum
243 2554 276 2592 ex
291 2538 413 2609 propriis
436 2538 612 2609 passionibus
625 2538 684 2608 agit
698 2555 761 2608 quae
781 2539 925 2609 patieban-
965 2536 1023 2589 tale
1038 2543 1090 2591 est.
1106 2537 1322 2608 Contemplaris,
1339 2537 1407 2608 quia
1417 2538 1565 2592 etiamboc
1580 2538 1694 2609 dignare
1708 2538 1765 2595 illie

152 2626 190 2677 tur.
198 2624 265 2681 Sicut
278 2626 356 2680 enim
379 2642 464 2698 supra
479 2626 565 2681 dicit:
585 2626 848 2681 «Rememoramini
866 2629 924 2699 pri·
967 2627 1063 2680 attulit
1072 2626 1291 2680 consolationem
1308 2645 1313 2678 :
1330 2627 1452 2680 maxime
1463 2627 1538 2681 enim
1552 2628 1628 2681 circa
1638 2624 1704 2683 illos
1712 2644 1764 2681 nos

153 2708 215 2768 dnos
226 2715 298 2777 dies;
319 2738 330 2765 s
343 2715 382 2768 sic
398 2716 548 2779 etiarnlrie,
565 2714 761 2787 Deus,inqait,
774 2716 847 2771 sicut
860 2735 923 2772 cum
965 2714 1130 2769 fanrilimius
1148 2714 1295 2779 babemus,
1313 2732 1382 2786 quos
1398 2716 1603 2785 cognoscimus,
1621 2715 1688 2787 quia
1707 2732 1764 2770 nou

154 2797 269 2873 daupu
285 2810 315 2858 et
324 2820 380 2858 non
396 2804 513 2875 potestis
527 2804 619 2858 dicere
632 2805 697 2874 qnia
710 2821 766 2859 non
775 2822 924 2877 possumus
965 2809 1080 2874 propter
1093 2816 1125 2859 se
1136 2804 1278 2876 imperant
1292 2805 1333 2858 vel
1347 2804 1489 2867 erudiunt,
1500 2806 1550 2859 sed
1560 2808 1652 2859 totum
1666 2804 1722 2859 iltis
1736 2810 1764 2860 et

154 2888 200 2945 illia
211 2893 335 2948 tolerare.
352 2893 381 2948 Si
397 2893 471 2947 enirn
487 2899 580 2964 patres
594 2893 721 2948 carnales
734 2894 784 2948 filii
794 2912 923 2950 reveren·
965 2893 1078 2964 plenum
1089 2900 1204 2965 propter
1213 2910 1264 2948 nos
1278 2893 1585 2960 celebraturstudium3
1596 2895 1649 2948 boe
1659 2893 1764 2965 quippe

154 2980 334 3051 ecquomodo
354 2982 467 3037 Patrern
484 2983 624 3036 coelestem
639 2982 759 3054 amplius
778 3000 834 3038 non
850 3002 924 3040 reve·
965 2988 1009 3037 est
1023 2983 1139 3037 sincerae
1150 2984 1360 3055 atqueintegrae
1370 2983 1645 3053 charitatis,quaade
1656 2980 1764 3037 amanti

155 3069 242 3124 mini?
255 3072 371 3137 (Scaea.)
388 3072 459 3136 Quid
484 3071 536 3125 hac
556 3071 691 3126 divisione
712 3072 814 3127 clarius
833 3044 953 3145 potuitC
965 3072 993 3125 in
1009 3072 1085 3126 nullo
1096 3089 1193 3127 sumus
1209 3073 1391 3136 accommodi,
1408 3079 1546 3127 ettamen
1557 3071 1592 3126 ab
1603 3089 1635 3126 eo
1648 3072 1761 3139 dicitur,

153 3150 247 3219 baua,
262 3164 295 3215 ut
320 3160 412 3214 carnis
433 3159 546 3231 quidem
561 3166 663 3214 nostra
685 3166 778 3231 patres
797 3162 924 3218 bornlnes
965 3176 1021 3215 uon
1037 3166 1069 3214 ut
1077 3161 1181 3232 aliquid
1193 3162 1320 3232 accipiat.
1331 3160 1379 3216 sed
1389 3162 1478 3233 magis
1493 3168 1526 3216 ut
1534 3160 1650 3227 tribuat,
1657 3161 1761 3227 erudit,

150 3249 324 3311 pronuntiaret,
343 3249 503 3304 animarum
516 3266 581 3303 sero
595 3250 684 3303 Deum
700 3252 790 3304 solum
803 3267 863 3305 esse
878 3269 925 3323 pa·
965 3250 1097 3311 instituit,
1109 3251 1240 3304 universa
1251 3250 1401 3305 sacitcirea
1415 3257 1524 3317 cuneta,
1534 3250 1692 3316 festinabat
1705 3266 1762 3305 uon

149 3332 200 3389 &tu
211 3344 369 3392 constanter
382 3338 571 3409 exprimeret:
590 3355 752 3410 quanquam
771 3348 800 3393 et
820 3340 848 3393 in
864 3341 926 3412 ipsa
966 3338 1067 3393 alliciat
1080 3356 1196 3393 suorum
1216 3340 1393 3411 receptibiles
1412 3356 1595 3395 munerum«
1611 3339 1656 3394 Illi
1674 3339 1762 3406 enirn,

149 3426 717 3498 responsbuJ‘usconcretionoministerium
727 3430 922 3484 tantummodo
966 3427 1102 3498 inquit,in
1116 3433 1244 3499 tempore
1258 3445 1409 3499 paucorum
1425 3429 1534 3483 dierurn
1544 3428 1699 3483 secundum
1714 3445 1762 3482 vo-

145 3506 331 3571 uloninibus
345 3516 570 3576 adscribendum.
587 3534 695 3571 summa
710 3534 776 3571 vero
789 3518 923 3572 conditio-
963 3516 1098 3570 luntatern
1115 3534 1195 3570 suam
1211 3517 1377 3571 erudiebant
1400 3534 1461 3578 nos,
1473 3517 1518 3571 hic
1536 3524 1641 3581 autem,
1660 3517 1697 3571 ud
1719 3517 1757 3582 id,

144 3596 366 3660 ubaomnium
377 3606 505 3667 creatori,
515 3607 624 3660 dicente
636 3606 722 3660 David
733 3609 922 3661 :elianustuae
966 3606 1038 3676 quod
1047 3607 1115 3659 utile
1126 3612 1178 3663 est,
1189 3611 1221 3660 ut
1231 3606 1399 3676 recipiamus
1409 3606 1657 3660 sanctificationem
1665 3607 1736 3675 ejus.
1747 3624 1761 3658 r

138 3680 300 3749 &emotae
315 3700 343 3749 et
357 3695 565 3766 plasmaverunt
588 3712 632 3749 me
651 3697 732 3763 (l’sal.
749 3712 847 3751 (saurus.
859 3720 871 3747 a
889 3697 922 3751 Et
965 3694 1035 3758 Quid
1044 3700 1086 3747 est
1093 3718 1103 3743 o
1117 3695 1367 3771 sanctificationem
1377 3695 1476 3765 ajusto
1485 3695 1537 3748 boc
1545 3693 1762 3748 estmuuditiam

138 3766 219 3835 &utus
230 3782 283 3837 Job
299 3808 307 3837 ε
323 3802 336 3828 «ι’
345 3784 444 3838 Nonne
458 3785 529 3838 sicut
546 3786 597 3846 lac,
616 3785 716 3855 inquit,
729 3785 846 3839 mulsisti
859 3802 917 3838 ine:
963 3784 1069 3853 ejus,ut
1079 3783 1179 3853 (lignos
1189 3782 1763 3854 efficiatsccundurnquodpotest3t⁴estinat

131 3870 272 3939 &tentasti
287 3878 372 3926 naeut
381 3889 505 3931 caseum.
514 3872 622 3927 ossibus
632 3881 660 3926 et
674 3873 766 3927 ncrris
782 3874 920 3928 inseruisti
962 3872 1067 3942 itaque,
1080 3878 1112 3925 ut
1125 3871 1277 3943 accipiatis.
1293 3878 1321 3927 et
1331 3877 1432 3926 cuncta
1445 3871 1556 3934 iacit,at
1566 3870 1643 3926 vobis
1656 3872 1762 3942 imper-

127 3956 315 4023 meillobr.lr
329 3960 700 4016 EtDominusadleremiam
730 3962 918 4033 «Priusquam
961 3961 1085 4025 tiat3uos
1099 3967 1194 4015 autera
1209 3962 1318 4016 nullurn
1337 3961 1437 4031 geritis
1451 3961 1585 4027 studium,
1601 3966 1633 4015 ut
1646 3960 1763 4015 valeatis

124 4044 187 4101 lein
199 4054 280 4103 utero
294 4050 456 4112 formarem,
473 4052 536 4105 novi
553 4058 581 4104 te
598 4052 663 4119 (lcr.
678 4056 706 4119 ι).
733 4074 744 4099 o
768 4052 802 4105 Et
824 4053 918 4107 Eccle-
961 4051 1096 4122 accipere.
1115 4070 1128 4101 n
1146 4051 1216 4116 Dixi,
1226 4050 1328 4121 inquit,
1344 4050 1481 4104 Dominus
1497 4066 1576 4105 meus
1590 4066 1620 4104 es
1635 4056 1676 4115 tu,
1690 4066 1762 4121 que·

121 4133 218 4191 states
239 4154 306 4192 uero
326 4140 474 4211 utriusque
498 4140 661 4195 substantiae
682 4146 813 4194 naturam
834 4148 919 4213 atquc
961 4139 1036 4194 nium
1052 4139 1191 4194 bonorum
1205 4154 1332 4193 meorum
1346 4155 1402 4194 non
1424 4156 1490 4209 eges
1508 4141 1592 4207 (Psoi.
1608 4143 1670 4205 ως
1688 4138 1759 4193 oilli

119 4222 256 4297 ffigiuera
276 4243 309 4281 ex
324 4228 497 4282 animatione
512 4235 591 4283 ortas
605 4235 690 4299 atque
711 4229 795 4294 initii,
807 4246 840 4282 ex
864 4246 919 4300 quo
961 4229 1083 4298 quidem,
1102 4229 1202 4300 inquit,
1215 4230 1249 4283 ad
1264 4234 1376 4300 tempus
1397 4243 1549 4300 paucorum
1564 4227 1676 4285 dierum
1693 4244 1758 4282 eru-

116 4308 248 4370 *ileliae
260 4332 435 4388 unaquaque
450 4318 594 4388 processit,
608 4324 635 4371 et
649 4317 873 4372 consideratione
888 4320 918 4372 ll·
960 4317 1075 4372 diebant
1089 4335 1140 4373 nos
1154 4319 1308 4373 secundum
1318 4319 1491 4373 voluntatem
1506 4333 1595 4383 suam,
1613 4332 1670 4370 nou
1684 4316 1760 4370 enim

117 4400 174 4463 uis.
188 4404 222 4457 ad
238 4421 322 4477 quern
338 4421 512 4477 unaquaeque
523 4406 676 4468 contendit,
693 4407 760 4461 satis
775 4408 919 4461 irridenter
960 4406 990 4460 in
1009 4407 1140 4462 omnibus
1154 4409 1283 4464 uoluntas
1294 4408 1406 4463 illorum
1418 4406 1496 4460 utilis
1505 4411 1583 4461 erat:
1599 4406 1653 4459 iste
1664 4412 1760 4459 autem

118 4493 277 4565 acpmprie
296 4494 432 4564 colligens
456 4496 615 4566 pariterque
637 4496 671 4548 de
691 4496 775 4567 hujus
796 4496 920 4567 eorporis
961 4496 996 4549 ad
1012 4496 1092 4550 utilia
1106 4513 1158 4550 nos
1180 4497 1313 4551 instituit.
1330 4495 1483 4567 Disciplina
1497 4510 1564 4564 ergo
1579 4493 1759 4564 participatio

118 4584 204 4651 litque
218 4582 321 4637 animae
335 4584 511 4655 separatione
525 4584 693 4656 disceptans,
706 4585 746 4639 ita
762 4586 895 4640 disseruit
911 4604 916 4638 :
961 4585 1126 4645 sanctitatis,
1145 4592 1174 4639 et
1184 4586 1305 4641 maxime
1318 4586 1340 4640 si
1355 4582 1555 4655 negligentiam
1571 4582 1659 4653 pellit,
1680 4583 1759 4654 eupi-

122 4682 140 4713 ⁸
154 4656 310 4742 lausquom
321 4678 502 4728 convertatur
511 4674 600 4745 pedus
611 4673 843 4735 interrarn,sicut
853 4675 916 4737 fuit,
961 4673 1063 4727 ditates
1077 4674 1208 4734 excludit,
1223 4674 1397 4729 saecularium
1412 4688 1508 4727 reram
1528 4686 1640 4727 amores
1657 4672 1759 4727 amoli-

122 4758 272 4828 flitpiritus
284 4766 443 4815 revertatur
452 4762 487 4816 ad
496 4762 648 4834 Deum,qui
659 4763 834 4817 deditium.»
844 4764 918 4827 Quid
959 4766 1015 4823 tur,
1029 4761 1151 4815 animani
1168 4762 1312 4827 convertit,
1324 4762 1391 4816 lacit
1405 4778 1468 4815 earn
1482 4762 1580 4816 omnia
1597 4762 1681 4832 bajus
1696 4761 1760 4816 vita
1833 4750 1838 4763 '

121 4848 244 4915 ιιιῠειῒίιιε
263 4849 356 4904 dicere
374 4852 476 4921 potuit,
499 4868 584 4921 quam
596 4858 628 4906 ut
651 4851 798 4906 materiam
814 4852 915 4915 carnis,
959 4848 1758 4921 culpare,hocquippeesttribulatiocumhaectiunt‚u0une

120 4940 205 4997 ‘litum
217 4938 360 5009 pulverem
374 4939 537 5006 nominarit,
554 4941 663 5011 quiade
674 4941 795 4995 bominis
811 4941 918 4996 semine
959 4944 1088 4993 sanetum
1103 4940 1269 5010 perficitur?
1281 4956 1373 4995 nonne
1382 4940 1537 5011 spiritalem
1546 4941 1580 4994 ad
1594 4938 1757 5011 segratiarn

117 5022 206 5078 tuna
216 5016 362 5082 exordium
378 5030 494 5101 ejusque
509 5029 637 5083 videmur
659 5030 815 5084 urinisterio
831 5032 917 5085 serni-
959 5028 1118 5100 pertrabit?
1128 5046 1139 5075 c
1149 5029 1248 5085 Omnis
1257 5035 1352 5083 autem
1362 5028 1545 5100 disciplinain
1555 5027 1756 5100 praesentiqui·

113 5110 194 5177 llari,
205 5114 304 5171 relate
318 5123 395 5171 terra
409 5119 671 5190 sumptam,iterunr
683 5118 782 5173 reverti
795 5136 918 5190 pronun·
959 5117 1022 5171 dem
1028 5118 1201 5171 rideturnon
1209 5118 1381 5189 cssegaudii,
1390 5118 1439 5172 sed
1449 5118 1586 5171 rnoeroris.
1596 5138 1609 5169 s
1618 5116 1756 5181 Quiama-

111 5188 204 5255 t¹'8ret
214 5204 248 5257 ad
259 5210 366 5260 terram
377 5208 521 5278 zspiritum
533 5224 608 5267 vero,
616 5208 663 5279 qui
673 5225 727 5262 non
739 5226 789 5279 per
804 5209 916 5263 mixtio·
958 5222 990 5260 ra
999 5206 1099 5261 bibunt
1113 5207 1241 5262 antidota
1250 5208 1390 5279 patienter
1403 5207 1498 5261 ferunt
1508 5206 1621 5276 quidem
1630 5205 1754 5277 primum

105 5284 189 5341 uem
199 5308 276 5347 maus
290 5295 440 5367 utriusque
452 5303 613 5368 generatur,
638 5298 685 5351 sed
706 5298 916 5370 peculiaritera
958 5296 1125 5357 molestiam,
1143 5301 1171 5349 ct
1185 5303 1253 5351 tunc
1271 5312 1384 5351 sensum
1406 5294 1564 5367 percipiunt
1586 5294 1751 5366 sospitatis:

102 5356 183 5428 Deo
190 5380 242 5435 solo
255 5382 398 5449 tribuitur,
415 5386 450 5440 ad
465 5392 608 5441 auctorem
623 5405 706 5442 suurn
723 5388 814 5441 redire
825 5389 916 5453 siena·
957 5385 1013 5439 talc
1022 5386 1155 5454 quiddam
1170 5387 1307 5441 estetiam
1322 5386 1420 5447 virtus,
1438 5385 1496 5437 tale
1510 5399 1621 5454 queque
1634 5383 1751 5438 malitia.

102 5458 188 5515 req?
199 5472 267 5539 quod
293 5472 379 5527 etiam
394 5491 444 5545 per
464 5475 541 5529 illam
557 5476 668 5530 Dorrrini
685 5476 913 5535 insufflationem,
958 5473 1050 5527 lnista
1059 5473 1180 5543 prirrrum
1195 5482 1238 5528 est
1246 5476 1371 5545 voluptas
1384 5480 1412 5528 et
1423 5472 1697 5544 sequitureegritudo
1708 5492 1714 5526 ε
1724 5474 1753 5527 iu

102 5548 183 5605 ΨΜ
194 5558 276 5614 Adam
292 5562 423 5632 primitus
436 5564 578 5619 animarit.
589 5566 913 5635 evidenterexprinritur.
958 5562 1007 5615 illa
1025 5578 1089 5615 vero
1106 5564 1227 5633 primum
1243 5570 1286 5618 est
1310 5563 1451 5617 maestitia.
1469 5568 1497 5615 et
1510 5568 1577 5616 tunc
1591 5563 1754 5633 jucunditas
