<?xml version="1.0" encoding="UTF-8"?>
<!DOCTYPE html PUBLIC "-//W3C//DTD XHTML 1.0 Transitional//EN"
    "http://www.w3.org/TR/xhtml1/DTD/xhtml1-transitional.dtd">
<html xmlns="http://www.w3.org/1999/xhtml" xml:lang="en" lang="en">
 <head>
  <title>
</title>
<meta http-equiv="Content-Type" content="text/html;charset=utf-8" />
  <meta name='ocr-system' content='tesseract 3.04.00' />
  <meta name='ocr-capabilities' content='ocr_page ocr_carea ocr_par ocr_line ocrx_word'/>
</head>
<body>
  <div class='ocr_page' id='page_1' title='image "./patrologiaecurs22goog/patrologiaecurs22goog_0737.png"; bbox 0 0 3772 6120; ppageno 0'>
   <div class='ocr_carea' id='block_1_1' title="bbox 116 294 1765 370">
    <p class='ocr_par' dir='ltr' id='par_1_1' title="bbox 116 294 1765 370">
     <span class='ocr_line' id='line_1_1' title="bbox 116 294 1765 370; baseline 0.001 -3"><span class='ocrx_word' id='word_1_1' title='bbox 116 311 187 368; x_wconf 82' lang='grc'><strong>1161</strong></span> <span class='ocrx_word' id='word_1_2' title='bbox 528 294 541 299; x_wconf 64' lang='grc'><strong><em>’</em></strong></span> <span class='ocrx_word' id='word_1_3' title='bbox 637 299 837 360; x_wconf 77' lang='grc'><strong>1113133.</strong></span> <span class='ocrx_word' id='word_1_4' title='bbox 858 300 984 363; x_wconf 79' lang='lat' dir='ltr'><strong>MARIAE</strong></span> <span class='ocrx_word' id='word_1_5' title='bbox 1002 301 1246 363; x_wconf 78' lang='lat' dir='ltr'>MAGDALENAE.</span> <span class='ocrx_word' id='word_1_6' title='bbox 1696 311 1765 370; x_wconf 77' lang='lat' dir='ltr'>iiia</span> 
     </span>
    </p>
   </div>
   <div class='ocr_carea' id='block_1_2' title="bbox 115 418 1847 3535">
    <p class='ocr_par' dir='ltr' id='par_1_2' title="bbox 115 418 1847 3535">
     <span class='ocr_line' id='line_1_2' title="bbox 115 418 1763 513; baseline 0.003 -24"><span class='ocrx_word' id='word_1_7' title='bbox 115 453 245 509; x_wconf 81' lang='lat' dir='ltr'>vespam,</span> <span class='ocrx_word' id='word_1_8' title='bbox 262 436 346 491; x_wconf 90' lang='lat' dir='ltr'>rediit</span> <span class='ocrx_word' id='word_1_9' title='bbox 357 418 536 499; x_wconf 85' lang='lat' dir='ltr'>Bethaniam,</span> <span class='ocrx_word' id='word_1_10' title='bbox 548 432 582 486; x_wconf 89' lang='lat' dir='ltr'>ad</span> <span class='ocrx_word' id='word_1_11' title='bbox 597 434 737 488; x_wconf 88' lang='lat' dir='ltr'>Martham</span> <span class='ocrx_word' id='word_1_12' title='bbox 748 441 777 488; x_wconf 92' lang='lat' dir='ltr'>et</span> <span class='ocrx_word' id='word_1_13' title='bbox 792 434 954 497; x_wconf 81' lang='lat' dir='ltr'>MariamA</span> <span class='ocrx_word' id='word_1_14' title='bbox 966 436 1152 492; x_wconf 83' lang='lat' dir='ltr'>incontinenti</span> <span class='ocrx_word' id='word_1_15' title='bbox 1164 436 1204 507; x_wconf 88' lang='lat' dir='ltr'>[id</span> <span class='ocrx_word' id='word_1_16' title='bbox 1216 441 1263 499; x_wconf 83' lang='lat' dir='ltr'>ast,</span> <span class='ocrx_word' id='word_1_17' title='bbox 1273 451 1358 508; x_wconf 89' lang='lat' dir='ltr'>quam</span> <span class='ocrx_word' id='word_1_18' title='bbox 1369 435 1437 501; x_wconf 86' lang='lat' dir='ltr'>cito;</span> <span class='ocrx_word' id='word_1_19' title='bbox 1449 437 1556 503; x_wconf 78' lang='lat' dir='ltr'>pellice,</span> <span class='ocrx_word' id='word_1_20' title='bbox 1567 436 1763 513; x_wconf 73' lang='lat' dir='ltr'>incontinentl,</span> 
     </span>
     <span class='ocr_line' id='line_1_3' title="bbox 117 520 1765 599; baseline 0.002 -19"><span class='ocrx_word' id='word_1_21' title='bbox 117 525 220 580; x_wconf 83' lang='lat' dir='ltr'>Denuo</span> <span class='ocrx_word' id='word_1_22' title='bbox 234 541 328 589; x_wconf 88' lang='lat' dir='ltr'>mane,</span> <span class='ocrx_word' id='word_1_23' title='bbox 340 523 424 577; x_wconf 88' lang='lat' dir='ltr'>teriia</span> <span class='ocrx_word' id='word_1_24' title='bbox 433 520 512 589; x_wconf 87' lang='lat' dir='ltr'>feria,</span> <span class='ocrx_word' id='word_1_25' title='bbox 526 521 624 579; x_wconf 89' lang='lat' dir='ltr'>urbem</span> <span class='ocrx_word' id='word_1_26' title='bbox 633 522 754 593; x_wconf 85' lang='lat' dir='ltr'>repetiit,</span> <span class='ocrx_word' id='word_1_27' title='bbox 769 529 797 577; x_wconf 89' lang='lat' dir='ltr'>et</span> <span class='ocrx_word' id='word_1_28' title='bbox 811 541 874 578; x_wconf 90' lang='lat' dir='ltr'>curn</span> <span class='ocrx_word' id='word_1_29' title='bbox 888 542 921 579; x_wconf 93' lang='grc' dir='ltr'>3ο</span> <span class='ocrx_word' id='word_1_30' title='bbox 963 526 1113 581; x_wconf 85' lang='lat' dir='ltr'>Salvatoris</span> <span class='ocrx_word' id='word_1_31' title='bbox 1128 525 1248 597; x_wconf 90' lang='lat' dir='ltr'>proditio</span> <span class='ocrx_word' id='word_1_32' title='bbox 1263 531 1291 579; x_wconf 90' lang='lat' dir='ltr'>et</span> <span class='ocrx_word' id='word_1_33' title='bbox 1304 525 1406 596; x_wconf 83' lang='lat' dir='ltr'>passio.</span> <span class='ocrx_word' id='word_1_34' title='bbox 1422 523 1531 579; x_wconf 89' lang='lat' dir='ltr'>Prodiit</span> <span class='ocrx_word' id='word_1_35' title='bbox 1544 543 1608 581; x_wconf 90' lang='lat' dir='ltr'>eum</span> <span class='ocrx_word' id='word_1_36' title='bbox 1623 544 1674 599; x_wconf 88' lang='lat' dir='ltr'>per</span> <span class='ocrx_word' id='word_1_37' title='bbox 1683 544 1765 585; x_wconf 91' lang='lat' dir='ltr'>oscu-</span> 
     </span>
     <span class='ocr_line' id='line_1_4' title="bbox 119 611 1765 685; baseline 0.004 -18"><span class='ocrx_word' id='word_1_38' title='bbox 119 613 241 684; x_wconf 87' lang='lat' dir='ltr'>apostoli</span> <span class='ocrx_word' id='word_1_39' title='bbox 251 633 257 678; x_wconf 87' lang='lat'><strong>;</strong></span> <span class='ocrx_word' id='word_1_40' title='bbox 267 612 459 682; x_wconf 84' lang='lat' dir='ltr'>videruntque,</span> <span class='ocrx_word' id='word_1_41' title='bbox 474 616 502 665; x_wconf 93' lang='lat' dir='ltr'>et</span> <span class='ocrx_word' id='word_1_42' title='bbox 513 627 575 664; x_wconf 91' lang='lat' dir='ltr'>ecce</span> <span class='ocrx_word' id='word_1_43' title='bbox 584 611 662 676; x_wconf 85' lang='grc'><strong>1333,</strong></span> <span class='ocrx_word' id='word_1_44' title='bbox 674 611 719 664; x_wconf 86' lang='grc'>331</span> <span class='ocrx_word' id='word_1_45' title='bbox 728 611 921 680; x_wconf 76' lang='lat' dir='ltr'>maledixerat,</span> <span class='ocrx_word' id='word_1_46' title='bbox 963 615 1032 681; x_wconf 91' lang='lat' dir='ltr'>lum,</span> <span class='ocrx_word' id='word_1_47' title='bbox 1049 631 1122 669; x_wconf 90' lang='lat' dir='ltr'>unus</span> <span class='ocrx_word' id='word_1_48' title='bbox 1137 631 1170 668; x_wconf 87' lang='lat' dir='ltr'>ex</span> <span class='ocrx_word' id='word_1_49' title='bbox 1184 614 1242 668; x_wconf 89' lang='lat' dir='ltr'>suis</span> <span class='ocrx_word' id='word_1_50' title='bbox 1257 613 1399 685; x_wconf 83' lang='lat' dir='ltr'>apostolis,</span> <span class='ocrx_word' id='word_1_51' title='bbox 1421 614 1451 669; x_wconf 90' lang='lat' dir='ltr'>in</span> <span class='ocrx_word' id='word_1_52' title='bbox 1464 614 1546 669; x_wconf 93' lang='lat' dir='ltr'>horto</span> <span class='ocrx_word' id='word_1_53' title='bbox 1561 620 1640 670; x_wconf 89' lang='lat' dir='ltr'>trans</span> <span class='ocrx_word' id='word_1_54' title='bbox 1654 622 1765 674; x_wconf 88' lang='lat' dir='ltr'>torren-</span> 
     </span>
     <span class='ocr_line' id='line_1_5' title="bbox 119 700 1766 778; baseline 0.004 -22"><span class='ocrx_word' id='word_1_55' title='bbox 119 702 206 757; x_wconf 88' lang='lat' dir='ltr'>aruit.</span> <span class='ocrx_word' id='word_1_56' title='bbox 232 701 388 772; x_wconf 86' lang='lat' dir='ltr'>Docuitque</span> <span class='ocrx_word' id='word_1_57' title='bbox 411 700 539 754; x_wconf 75' lang='lat' dir='ltr'>Salvator</span> <span class='ocrx_word' id='word_1_58' title='bbox 562 701 702 771; x_wconf 89' lang='lat' dir='ltr'>apostolos</span> <span class='ocrx_word' id='word_1_59' title='bbox 724 701 775 754; x_wconf 91' lang='lat' dir='ltr'>hoc</span> <span class='ocrx_word' id='word_1_60' title='bbox 796 703 923 773; x_wconf 90' lang='lat' dir='ltr'>exemplo</span> <span class='ocrx_word' id='word_1_61' title='bbox 964 708 1021 757; x_wconf 87' lang='lat' dir='ltr'>tem</span> <span class='ocrx_word' id='word_1_62' title='bbox 1035 704 1155 770; x_wconf 85' lang='lat' dir='ltr'>Cedron,</span> <span class='ocrx_word' id='word_1_63' title='bbox 1171 703 1278 758; x_wconf 87' lang='lat' dir='ltr'>cohorti</span> <span class='ocrx_word' id='word_1_64' title='bbox 1293 709 1321 757; x_wconf 92' lang='lat' dir='ltr'>et</span> <span class='ocrx_word' id='word_1_65' title='bbox 1340 702 1476 757; x_wconf 87' lang='lat' dir='ltr'>ministris</span> <span class='ocrx_word' id='word_1_66' title='bbox 1499 704 1674 774; x_wconf 85' lang='lat' dir='ltr'>pontificum,</span> <span class='ocrx_word' id='word_1_67' title='bbox 1696 723 1766 778; x_wconf 87' lang='lat' dir='ltr'>quos</span> 
     </span>
     <span class='ocr_line' id='line_1_6' title="bbox 119 786 1766 860; baseline 0.004 -16"><span class='ocrx_word' id='word_1_68' title='bbox 119 791 232 857; x_wconf 91' lang='lat' dir='ltr'>orandi,</span> <span class='ocrx_word' id='word_1_69' title='bbox 245 798 274 844; x_wconf 91' lang='lat' dir='ltr'>et</span> <span class='ocrx_word' id='word_1_70' title='bbox 284 790 417 847; x_wconf 82' lang='lat' dir='ltr'>fiduciam</span> <span class='ocrx_word' id='word_1_71' title='bbox 431 788 602 860; x_wconf 86' lang='lat' dir='ltr'>impetrandi</span> <span class='ocrx_word' id='word_1_72' title='bbox 613 786 749 860; x_wconf 88' lang='lat' dir='ltr'>quidquid</span> <span class='ocrx_word' id='word_1_73' title='bbox 758 789 925 845; x_wconf 81' lang='lat' dir='ltr'>fiducialiter</span> <span class='ocrx_word' id='word_1_74' title='bbox 966 793 1145 858; x_wconf 82' lang='lat' dir='ltr'>conduxerat,</span> <span class='ocrx_word' id='word_1_75' title='bbox 1162 809 1225 847; x_wconf 90' lang='lat' dir='ltr'>cum</span> <span class='ocrx_word' id='word_1_76' title='bbox 1240 791 1355 847; x_wconf 86' lang='lat' dir='ltr'>laternis</span> <span class='ocrx_word' id='word_1_77' title='bbox 1369 797 1398 846; x_wconf 93' lang='lat' dir='ltr'>et</span> <span class='ocrx_word' id='word_1_78' title='bbox 1407 791 1513 846; x_wconf 85' lang='grc'><strong>1331133</strong></span> <span class='ocrx_word' id='word_1_79' title='bbox 1524 799 1553 847; x_wconf 89' lang='grc'>31</span> <span class='ocrx_word' id='word_1_80' title='bbox 1564 793 1664 852; x_wconf 90' lang='lat' dir='ltr'>armis.</span> <span class='ocrx_word' id='word_1_81' title='bbox 1683 795 1766 851; x_wconf 84' lang='lat' dir='ltr'>Cum·</span> 
     </span>
     <span class='ocr_line' id='line_1_7' title="bbox 119 878 1765 953; baseline 0.003 -19"><span class='ocrx_word' id='word_1_82' title='bbox 119 880 266 952; x_wconf 89' lang='lat' dir='ltr'>petierint,</span> <span class='ocrx_word' id='word_1_83' title='bbox 276 879 386 933; x_wconf 85' lang='lat' dir='ltr'>etiamsi</span> <span class='ocrx_word' id='word_1_84' title='bbox 397 883 506 932; x_wconf 90' lang='lat' dir='ltr'>montes</span> <span class='ocrx_word' id='word_1_85' title='bbox 516 878 662 932; x_wconf 86' lang='lat' dir='ltr'>transferri</span> <span class='ocrx_word' id='word_1_86' title='bbox 674 879 782 933; x_wconf 68' lang='grc' dir='ltr'>331131ι</span> <span class='ocrx_word' id='word_1_87' title='bbox 805 880 925 934; x_wconf 80' lang='grc'><strong>1113313</strong></span> <span class='ocrx_word' id='word_1_88' title='bbox 966 897 1021 953; x_wconf 89' lang='lat' dir='ltr'>que</span> <span class='ocrx_word' id='word_1_89' title='bbox 1036 882 1144 936; x_wconf 90' lang='lat' dir='ltr'>vinctus</span> <span class='ocrx_word' id='word_1_90' title='bbox 1156 880 1350 946; x_wconf 91' lang='lat' dir='ltr'>abduceretur,</span> <span class='ocrx_word' id='word_1_91' title='bbox 1371 883 1502 950; x_wconf 77' lang='lat' dir='ltr'>discipuli</span> <span class='ocrx_word' id='word_1_92' title='bbox 1519 883 1591 952; x_wconf 89' lang='lat' dir='ltr'>ejus,</span> <span class='ocrx_word' id='word_1_93' title='bbox 1611 886 1704 938; x_wconf 84' lang='lat' dir='ltr'>relicto</span> <span class='ocrx_word' id='word_1_94' title='bbox 1725 901 1765 951; x_wconf 83' lang='lat' dir='ltr'>eo,</span> 
     </span>
     <span class='ocr_line' id='line_1_8' title="bbox 118 965 1766 1042; baseline 0.002 -20"><span class='ocrx_word' id='word_1_95' title='bbox 118 987 237 1040; x_wconf 87' lang='lat' dir='ltr'>vespere</span> <span class='ocrx_word' id='word_1_96' title='bbox 253 969 351 1023; x_wconf 90' lang='lat' dir='ltr'>relicta</span> <span class='ocrx_word' id='word_1_97' title='bbox 365 965 432 1022; x_wconf 91' lang='lat' dir='ltr'>urbe</span> <span class='ocrx_word' id='word_1_98' title='bbox 448 968 592 1039; x_wconf 80' lang='lat' dir='ltr'>repedavit</span> <span class='ocrx_word' id='word_1_99' title='bbox 615 967 650 1021; x_wconf 89' lang='lat' dir='ltr'>ad</span> <span class='ocrx_word' id='word_1_100' title='bbox 675 968 813 1022; x_wconf 72' lang='lat' dir='ltr'>familiare</span> <span class='ocrx_word' id='word_1_101' title='bbox 830 969 925 1042; x_wconf 89' lang='lat' dir='ltr'>hospi·</span> <span class='ocrx_word' id='word_1_102' title='bbox 966 987 1059 1024; x_wconf 76' lang='lat' dir='ltr'>orienes</span> <span class='ocrx_word' id='word_1_103' title='bbox 1069 973 1203 1037; x_wconf 71' lang='grc'><strong>[3333331</strong></span> <span class='ocrx_word' id='word_1_104' title='bbox 1219 971 1327 1041; x_wconf 72' lang='lat' dir='ltr'>(Mollis.</span> <span class='ocrx_word' id='word_1_105' title='bbox 1344 968 1492 1039; x_wconf 69' lang='grc'><strong>311356).</strong></span> <span class='ocrx_word' id='word_1_106' title='bbox 1513 970 1608 1025; x_wconf 75' lang='lat' dir='ltr'>Maria</span> <span class='ocrx_word' id='word_1_107' title='bbox 1626 987 1690 1026; x_wconf 89' lang='lat' dir='ltr'>vero</span> <span class='ocrx_word' id='word_1_108' title='bbox 1705 972 1766 1027; x_wconf 83' lang='grc'><strong>113-</strong></span> 
     </span>
     <span class='ocr_line' id='line_1_9' title="bbox 119 1056 1767 1130; baseline 0.003 -18"><span class='ocrx_word' id='word_1_109' title='bbox 119 1059 205 1112; x_wconf 83' lang='lat' dir='ltr'>tium.</span> <span class='ocrx_word' id='word_1_110' title='bbox 218 1058 324 1122; x_wconf 81' lang='lat' dir='ltr'>Quarta</span> <span class='ocrx_word' id='word_1_111' title='bbox 335 1073 399 1110; x_wconf 89' lang='lat' dir='ltr'>vero</span> <span class='ocrx_word' id='word_1_112' title='bbox 409 1056 488 1114; x_wconf 82' lang='lat' dir='ltr'>feria,</span> <span class='ocrx_word' id='word_1_113' title='bbox 501 1056 625 1110; x_wconf 88' lang='lat' dir='ltr'>diluculo</span> <span class='ocrx_word' id='word_1_114' title='bbox 635 1057 772 1128; x_wconf 88' lang='lat' dir='ltr'>templum</span> <span class='ocrx_word' id='word_1_115' title='bbox 784 1064 923 1129; x_wconf 75' lang='lat' dir='ltr'>repetem,</span> <span class='ocrx_word' id='word_1_116' title='bbox 965 1059 1092 1130; x_wconf 84' lang='lat' dir='ltr'>gdalenae</span> <span class='ocrx_word' id='word_1_117' title='bbox 1106 1057 1216 1112; x_wconf 88' lang='lat' dir='ltr'>devotio</span> <span class='ocrx_word' id='word_1_118' title='bbox 1232 1058 1405 1115; x_wconf 87' lang='lat' dir='ltr'>nondesecit.</span> <span class='ocrx_word' id='word_1_119' title='bbox 1420 1059 1494 1112; x_wconf 84' lang='lat' dir='ltr'>Tunc</span> <span class='ocrx_word' id='word_1_120' title='bbox 1503 1062 1569 1128; x_wconf 86' lang='lat' dir='ltr'>pelli</span> <span class='ocrx_word' id='word_1_121' title='bbox 1577 1076 1767 1117; x_wconf 78' lang='grc'><strong>3333333131-</strong></span> 
     </span>
     <span class='ocr_line' id='line_1_10' title="bbox 120 1134 1814 1220; baseline 0.004 -19"><span class='ocrx_word' id='word_1_122' title='bbox 120 1148 214 1201; x_wconf 81' lang='lat' dir='ltr'>multa</span> <span class='ocrx_word' id='word_1_123' title='bbox 226 1147 261 1200; x_wconf 94' lang='lat' dir='ltr'>de</span> <span class='ocrx_word' id='word_1_124' title='bbox 275 1148 329 1200; x_wconf 82' lang='lat' dir='ltr'>line</span> <span class='ocrx_word' id='word_1_125' title='bbox 343 1145 437 1200; x_wconf 76' lang='lat' dir='ltr'>saculi</span> <span class='ocrx_word' id='word_1_126' title='bbox 453 1145 511 1199; x_wconf 92' lang='lat' dir='ltr'>suis</span> <span class='ocrx_word' id='word_1_127' title='bbox 528 1146 636 1199; x_wconf 90' lang='lat' dir='ltr'>locutus</span> <span class='ocrx_word' id='word_1_128' title='bbox 648 1151 691 1200; x_wconf 88' lang='lat' dir='ltr'>est</span> <span class='ocrx_word' id='word_1_129' title='bbox 700 1147 842 1217; x_wconf 89' lang='lat' dir='ltr'>apostolis,</span> <span class='ocrx_word' id='word_1_130' title='bbox 858 1147 926 1201; x_wconf 90' lang='lat' dir='ltr'>dum</span> <span class='ocrx_word' id='word_1_131' title='bbox 963 1150 1020 1216; x_wconf 83' lang='lat' dir='ltr'>ptis</span> <span class='ocrx_word' id='word_1_132' title='bbox 1045 1148 1177 1202; x_wconf 83' lang='lat' dir='ltr'>carnibus</span> <span class='ocrx_word' id='word_1_133' title='bbox 1196 1148 1309 1202; x_wconf 72' lang='lat' dir='ltr'>adhesit</span> <span class='ocrx_word' id='word_1_134' title='bbox 1330 1164 1357 1201; x_wconf 88' lang='lat' dir='ltr'>os</span> <span class='ocrx_word' id='word_1_135' title='bbox 1378 1148 1530 1202; x_wconf 89' lang='lat' dir='ltr'>Salvatoris</span> <span class='ocrx_word' id='word_1_136' title='bbox 1555 1150 1612 1215; x_wconf 80' lang='lat' dir='ltr'>(rot</span> <span class='ocrx_word' id='word_1_137' title='bbox 1632 1148 1766 1220; x_wconf 68' lang='grc'><strong>33310),</strong></span> <span class='ocrx_word' id='word_1_138' title='bbox 1811 1134 1814 1140; x_wconf 42' lang='grc'><strong>’</strong></span> 
     </span>
     <span class='ocr_line' id='line_1_11' title="bbox 118 1233 1768 1310; baseline 0.002 -20"><span class='ocrx_word' id='word_1_139' title='bbox 118 1236 237 1291; x_wconf 90' lang='lat' dir='ltr'>interim</span> <span class='ocrx_word' id='word_1_140' title='bbox 255 1237 341 1290; x_wconf 87' lang='lat' dir='ltr'>ludas</span> <span class='ocrx_word' id='word_1_141' title='bbox 359 1233 486 1289; x_wconf 84' lang='lat' dir='ltr'>Scarioth</span> <span class='ocrx_word' id='word_1_142' title='bbox 511 1234 662 1306; x_wconf 83' lang='lat' dir='ltr'>spopondit</span> <span class='ocrx_word' id='word_1_143' title='bbox 684 1235 871 1306; x_wconf 83' lang='lat' dir='ltr'>pontificibus,</span> <span class='ocrx_word' id='word_1_144' title='bbox 895 1242 927 1290; x_wconf 93' lang='lat' dir='ltr'>ut</span> <span class='ocrx_word' id='word_1_145' title='bbox 968 1235 1034 1306; x_wconf 91' lang='lat' dir='ltr'>quia</span> <span class='ocrx_word' id='word_1_146' title='bbox 1047 1235 1120 1290; x_wconf 82' lang='lat' dir='ltr'>luda</span> <span class='ocrx_word' id='word_1_147' title='bbox 1133 1236 1280 1306; x_wconf 86' lang='lat' dir='ltr'>prodente,</span> <span class='ocrx_word' id='word_1_148' title='bbox 1295 1237 1378 1291; x_wconf 89' lang='lat' dir='ltr'>Petro</span> <span class='ocrx_word' id='word_1_149' title='bbox 1393 1242 1524 1307; x_wconf 85' lang='lat' dir='ltr'>negante,</span> <span class='ocrx_word' id='word_1_150' title='bbox 1544 1241 1572 1290; x_wconf 91' lang='lat' dir='ltr'>et</span> <span class='ocrx_word' id='word_1_151' title='bbox 1595 1237 1768 1310; x_wconf 74' lang='lat' dir='ltr'>fugientibus</span> 
     </span>
     <span class='ocr_line' id='line_1_12' title="bbox 119 1323 1767 1397; baseline 0.002 -18"><span class='ocrx_word' id='word_1_152' title='bbox 119 1326 255 1397; x_wconf 90' lang='lat' dir='ltr'>proderet</span> <span class='ocrx_word' id='word_1_153' title='bbox 267 1325 323 1379; x_wconf 92' lang='lat' dir='ltr'>illis</span> <span class='ocrx_word' id='word_1_154' title='bbox 337 1325 434 1378; x_wconf 86' lang='lat' dir='ltr'>lesum</span> <span class='ocrx_word' id='word_1_155' title='bbox 445 1323 467 1376; x_wconf 75' lang='lat'>¹³.</span> <span class='ocrx_word' id='word_1_156' title='bbox 483 1325 596 1379; x_wconf 77' lang='lat' dir='ltr'>Interea</span> <span class='ocrx_word' id='word_1_157' title='bbox 609 1323 745 1378; x_wconf 88' lang='lat' dir='ltr'>Dominus</span> <span class='ocrx_word' id='word_1_158' title='bbox 760 1325 841 1378; x_wconf 88' lang='lat' dir='ltr'>Jesus</span> <span class='ocrx_word' id='word_1_159' title='bbox 860 1340 925 1378; x_wconf 86' lang='grc'><strong>333·</strong></span> <span class='ocrx_word' id='word_1_160' title='bbox 967 1325 1063 1379; x_wconf 89' lang='lat' dir='ltr'>decem</span> <span class='ocrx_word' id='word_1_161' title='bbox 1078 1324 1212 1395; x_wconf 89' lang='lat' dir='ltr'>apostolis</span> <span class='ocrx_word' id='word_1_162' title='bbox 1236 1344 1242 1378; x_wconf 73' lang='grc' dir='ltr'>ε</span> <span class='ocrx_word' id='word_1_163' title='bbox 1264 1326 1382 1379; x_wconf 87' lang='lat' dir='ltr'>Mariam</span> <span class='ocrx_word' id='word_1_164' title='bbox 1405 1325 1609 1395; x_wconf 78' lang='lat' dir='ltr'>Magdalenam,</span> <span class='ocrx_word' id='word_1_165' title='bbox 1627 1327 1709 1397; x_wconf 82' lang='lat' dir='ltr'>juxta</span> <span class='ocrx_word' id='word_1_166' title='bbox 1726 1346 1767 1395; x_wconf 82' lang='lat' dir='ltr'>se,</span> 
     </span>
     <span class='ocr_line' id='line_1_13' title="bbox 117 1412 1768 1490; baseline 0.002 -23"><span class='ocrx_word' id='word_1_167' title='bbox 117 1418 274 1468; x_wconf 75' lang='grc'><strong>3313133311</strong></span> <span class='ocrx_word' id='word_1_168' title='bbox 288 1413 363 1467; x_wconf 88' lang='lat' dir='ltr'>illius</span> <span class='ocrx_word' id='word_1_169' title='bbox 378 1413 433 1468; x_wconf 86' lang='lat' dir='ltr'>diei</span> <span class='ocrx_word' id='word_1_170' title='bbox 445 1429 593 1475; x_wconf 76' lang='lat' dir='ltr'>sermones,</span> <span class='ocrx_word' id='word_1_171' title='bbox 610 1412 650 1466; x_wconf 90' lang='lat' dir='ltr'>sic</span> <span class='ocrx_word' id='word_1_172' title='bbox 671 1414 763 1466; x_wconf 84' lang='lat' dir='ltr'>dieras</span> <span class='ocrx_word' id='word_1_173' title='bbox 781 1414 926 1481; x_wconf 73' lang='lat' dir='ltr'>discipulis</span> <span class='ocrx_word' id='word_1_174' title='bbox 967 1428 1080 1490; x_wconf 89' lang='lat' dir='ltr'>semper</span> <span class='ocrx_word' id='word_1_175' title='bbox 1092 1412 1198 1468; x_wconf 90' lang='lat' dir='ltr'>invenit</span> <span class='ocrx_word' id='word_1_176' title='bbox 1211 1412 1344 1469; x_wconf 82' lang='lat' dir='ltr'>fortitudo</span> <span class='ocrx_word' id='word_1_177' title='bbox 1359 1413 1567 1484; x_wconf 87' lang='lat' dir='ltr'>Redemptoris.</span> <span class='ocrx_word' id='word_1_178' title='bbox 1586 1414 1654 1480; x_wconf 87' lang='lat' dir='ltr'>Quis</span> <span class='ocrx_word' id='word_1_179' title='bbox 1675 1416 1768 1488; x_wconf 83' lang='lat' dir='ltr'>expri-</span> 
     </span>
     <span class='ocr_line' id='line_1_14' title="bbox 118 1500 1768 1572; baseline 0.004 -18"><span class='ocrx_word' id='word_1_180' title='bbox 118 1506 179 1558; x_wconf 78' lang='lat' dir='ltr'>suis</span> <span class='ocrx_word' id='word_1_181' title='bbox 196 1520 204 1554; x_wconf 90' lang='lat'>.·</span> <span class='ocrx_word' id='word_1_182' title='bbox 218 1504 301 1558; x_wconf 84' lang='lat' dir='ltr'>Scitis</span> <span class='ocrx_word' id='word_1_183' title='bbox 316 1505 384 1572; x_wconf 85' lang='lat' dir='ltr'>qaia</span> <span class='ocrx_word' id='word_1_184' title='bbox 396 1507 455 1570; x_wconf 86' lang='lat' dir='ltr'>post</span> <span class='ocrx_word' id='word_1_185' title='bbox 467 1503 583 1556; x_wconf 81' lang='lat' dir='ltr'>biduum.</span> <span class='ocrx_word' id='word_1_186' title='bbox 598 1501 659 1567; x_wconf 91' lang='lat' dir='ltr'>hoc,</span> <span class='ocrx_word' id='word_1_187' title='bbox 672 1500 745 1571; x_wconf 90' lang='lat' dir='ltr'>quod</span> <span class='ocrx_word' id='word_1_188' title='bbox 754 1507 797 1555; x_wconf 86' lang='lat' dir='ltr'>esi</span> <span class='ocrx_word' id='word_1_189' title='bbox 806 1501 889 1556; x_wconf 92' lang='lat' dir='ltr'>hodie</span> <span class='ocrx_word' id='word_1_190' title='bbox 898 1507 927 1555; x_wconf 88' lang='lat' dir='ltr'>et</span> <span class='ocrx_word' id='word_1_191' title='bbox 968 1506 1027 1555; x_wconf 91' lang='lat' dir='ltr'>mat</span> <span class='ocrx_word' id='word_1_192' title='bbox 1041 1501 1166 1555; x_wconf 90' lang='lat' dir='ltr'>dolorem</span> <span class='ocrx_word' id='word_1_193' title='bbox 1180 1500 1272 1556; x_wconf 91' lang='lat' dir='ltr'>cordis</span> <span class='ocrx_word' id='word_1_194' title='bbox 1285 1502 1356 1572; x_wconf 85' lang='lat' dir='ltr'>ejus,</span> <span class='ocrx_word' id='word_1_195' title='bbox 1372 1507 1401 1555; x_wconf 89' lang='lat' dir='ltr'>et</span> <span class='ocrx_word' id='word_1_196' title='bbox 1415 1503 1517 1556; x_wconf 91' lang='lat' dir='ltr'>mentis</span> <span class='ocrx_word' id='word_1_197' title='bbox 1532 1504 1768 1561; x_wconf 76' lang='lat' dir='ltr'>amaritudinem?</span> 
     </span>
     <span class='ocr_line' id='line_1_15' title="bbox 118 1588 1770 1662; baseline 0.001 -15"><span class='ocrx_word' id='word_1_198' title='bbox 118 1609 194 1659; x_wconf 88' lang='lat' dir='ltr'>cras,</span> <span class='ocrx_word' id='word_1_199' title='bbox 210 1590 711 1662; x_wconf 63' lang='grc'><strong>1333131313331133131,31313113</strong></span> <span class='ocrx_word' id='word_1_200' title='bbox 730 1606 811 1645; x_wconf 89' lang='lat' dir='ltr'>verus</span> <span class='ocrx_word' id='word_1_201' title='bbox 829 1591 926 1661; x_wconf 81' lang='lat' dir='ltr'>Agnus</span> <span class='ocrx_word' id='word_1_202' title='bbox 967 1588 1124 1645; x_wconf 84' lang='lat' dir='ltr'>aestuabant</span> <span class='ocrx_word' id='word_1_203' title='bbox 1138 1589 1292 1659; x_wconf 81' lang='lat' dir='ltr'>praecordia</span> <span class='ocrx_word' id='word_1_204' title='bbox 1306 1591 1376 1660; x_wconf 81' lang='lat' dir='ltr'>ejus,</span> <span class='ocrx_word' id='word_1_205' title='bbox 1401 1589 1468 1645; x_wconf 88' lang='lat' dir='ltr'>dum</span> <span class='ocrx_word' id='word_1_206' title='bbox 1489 1597 1616 1647; x_wconf 89' lang='lat' dir='ltr'>cerneret</span> <span class='ocrx_word' id='word_1_207' title='bbox 1635 1593 1770 1649; x_wconf 89' lang='lat' dir='ltr'>dilectum</span> 
     </span>
     <span class='ocr_line' id='line_1_16' title="bbox 120 1678 1769 1753; baseline 0.001 -17"><span class='ocrx_word' id='word_1_208' title='bbox 120 1683 211 1736; x_wconf 80' lang='lat' dir='ltr'>Filius</span> <span class='ocrx_word' id='word_1_209' title='bbox 235 1681 357 1734; x_wconf 76' lang='lat' dir='ltr'>hernicis</span> <span class='ocrx_word' id='word_1_210' title='bbox 378 1681 505 1733; x_wconf 83' lang='lat' dir='ltr'>trudetur</span> <span class='ocrx_word' id='word_1_211' title='bbox 524 1685 555 1732; x_wconf 88' lang='lat' dir='ltr'>ui</span> <span class='ocrx_word' id='word_1_212' title='bbox 576 1679 659 1732; x_wconf 89' lang='lat' dir='ltr'>tertia</span> <span class='ocrx_word' id='word_1_213' title='bbox 680 1679 726 1732; x_wconf 92' lang='lat' dir='ltr'>die</span> <span class='ocrx_word' id='word_1_214' title='bbox 746 1682 927 1748; x_wconf 74' lang='lat' dir='ltr'>crucifiqoiur</span> <span class='ocrx_word' id='word_1_215' title='bbox 967 1695 1060 1743; x_wconf 84' lang='lat' dir='ltr'>suum,</span> <span class='ocrx_word' id='word_1_216' title='bbox 1077 1678 1171 1732; x_wconf 90' lang='lat' dir='ltr'>osculo</span> <span class='ocrx_word' id='word_1_217' title='bbox 1184 1679 1268 1743; x_wconf 89' lang='lat' dir='ltr'>tradi,</span> <span class='ocrx_word' id='word_1_218' title='bbox 1291 1678 1396 1733; x_wconf 88' lang='lat' dir='ltr'>catenis</span> <span class='ocrx_word' id='word_1_219' title='bbox 1411 1678 1520 1745; x_wconf 89' lang='lat' dir='ltr'>vinciri,</span> <span class='ocrx_word' id='word_1_220' title='bbox 1535 1686 1565 1734; x_wconf 91' lang='lat' dir='ltr'>et</span> <span class='ocrx_word' id='word_1_221' title='bbox 1581 1681 1616 1734; x_wconf 89' lang='lat' dir='ltr'>ad</span> <span class='ocrx_word' id='word_1_222' title='bbox 1630 1682 1769 1753; x_wconf 78' lang='lat' dir='ltr'>pontilicis</span> 
     </span>
     <span class='ocr_line' id='line_1_17' title="bbox 118 1753 1847 1840; baseline 0.002 -16"><span class='ocrx_word' id='word_1_223' title='bbox 118 1773 222 1840; x_wconf 74' lang='lat' dir='ltr'>(liare.</span> <span class='ocrx_word' id='word_1_224' title='bbox 248 1784 316 1836; x_wconf 75' lang='lat' dir='ltr'>arn,</span> <span class='ocrx_word' id='word_1_225' title='bbox 342 1769 438 1823; x_wconf 82' lang='grc'><strong>113111.</strong></span> <span class='ocrx_word' id='word_1_226' title='bbox 466 1782 548 1836; x_wconf 77' lang='lat' dir='ltr'>xxiv,</span> <span class='ocrx_word' id='word_1_227' title='bbox 574 1769 804 1835; x_wconf 66' lang='lat' dir='ltr'>inclamati),</span> <span class='ocrx_word' id='word_1_228' title='bbox 827 1753 1055 1823; x_wconf 62' lang='lat' dir='ltr'>illaillasshnnae</span> <span class='ocrx_word' id='word_1_229' title='bbox 1066 1766 1202 1839; x_wconf 89' lang='lat' dir='ltr'>palatium</span> <span class='ocrx_word' id='word_1_230' title='bbox 1217 1766 1326 1822; x_wconf 89' lang='lat' dir='ltr'>abduci.</span> <span class='ocrx_word' id='word_1_231' title='bbox 1344 1766 1507 1838; x_wconf 90' lang='lat' dir='ltr'>Ibidemque</span> <span class='ocrx_word' id='word_1_232' title='bbox 1530 1770 1663 1837; x_wconf 86' lang='lat' dir='ltr'>accusari,</span> <span class='ocrx_word' id='word_1_233' title='bbox 1679 1771 1768 1827; x_wconf 86' lang='lat' dir='ltr'>iuter·</span> <span class='ocrx_word' id='word_1_234' title='bbox 1844 1790 1847 1795; x_wconf 84' lang='lat'><strong>·</strong></span> 
     </span>
     <span class='ocr_line' id='line_1_18' title="bbox 120 1856 1768 1933; baseline 0.002 -20"><span class='ocrx_word' id='word_1_235' title='bbox 120 1874 202 1924; x_wconf 79' lang='lat' dir='ltr'>xxvi,</span> <span class='ocrx_word' id='word_1_236' title='bbox 223 1858 247 1922; x_wconf 90' lang='grc'>1,</span> <span class='ocrx_word' id='word_1_237' title='bbox 272 1857 309 1926; x_wconf 78' lang='lat' dir='ltr'>i).</span> <span class='ocrx_word' id='word_1_238' title='bbox 334 1857 428 1924; x_wconf 71' lang='lat' dir='ltr'>Dixit,</span> <span class='ocrx_word' id='word_1_239' title='bbox 453 1874 624 1928; x_wconf 85' lang='lat' dir='ltr'>vesperaque</span> <span class='ocrx_word' id='word_1_240' title='bbox 646 1857 791 1924; x_wconf 85' lang='lat' dir='ltr'>redeunte,</span> <span class='ocrx_word' id='word_1_241' title='bbox 813 1858 928 1928; x_wconf 88' lang='lat' dir='ltr'>reliquit</span> <span class='ocrx_word' id='word_1_242' title='bbox 968 1857 1071 1927; x_wconf 87' lang='lat' dir='ltr'>rogari,</span> <span class='ocrx_word' id='word_1_243' title='bbox 1084 1857 1217 1928; x_wconf 86' lang='lat' dir='ltr'>judicari,</span> <span class='ocrx_word' id='word_1_244' title='bbox 1232 1872 1312 1911; x_wconf 88' lang='lat' dir='ltr'>reum</span> <span class='ocrx_word' id='word_1_245' title='bbox 1328 1856 1427 1910; x_wconf 89' lang='lat' dir='ltr'>mortis</span> <span class='ocrx_word' id='word_1_246' title='bbox 1443 1857 1621 1925; x_wconf 89' lang='lat' dir='ltr'>conclamari,</span> <span class='ocrx_word' id='word_1_247' title='bbox 1641 1862 1768 1933; x_wconf 86' lang='lat' dir='ltr'>conspui,</span> 
     </span>
     <span class='ocr_line' id='line_1_19' title="bbox 119 1942 1768 2019; baseline 0.003 -17"><span class='ocrx_word' id='word_1_248' title='bbox 119 1949 271 2019; x_wconf 89' lang='lat' dir='ltr'>templum,</span> <span class='ocrx_word' id='word_1_249' title='bbox 288 1946 426 2017; x_wconf 87' lang='lat' dir='ltr'>rediitque</span> <span class='ocrx_word' id='word_1_250' title='bbox 440 1947 616 2011; x_wconf 89' lang='lat' dir='ltr'>Bethaniam,</span> <span class='ocrx_word' id='word_1_251' title='bbox 634 1945 766 2000; x_wconf 90' lang='lat' dir='ltr'>ultimum</span> <span class='ocrx_word' id='word_1_252' title='bbox 786 1963 851 2000; x_wconf 91' lang='lat' dir='ltr'>curn</span> <span class='ocrx_word' id='word_1_253' title='bbox 869 1945 927 2001; x_wconf 92' lang='lat' dir='ltr'>suis</span> <span class='ocrx_word' id='word_1_254' title='bbox 968 1944 1109 2016; x_wconf 81' lang='lat' dir='ltr'>exalapari</span> <span class='ocrx_word' id='word_1_255' title='bbox 1124 1945 1225 2015; x_wconf 80' lang='lat' dir='ltr'>[idest.</span> <span class='ocrx_word' id='word_1_256' title='bbox 1245 1943 1333 2015; x_wconf 89' lang='lat' dir='ltr'>alapis</span> <span class='ocrx_word' id='word_1_257' title='bbox 1347 1942 1437 2015; x_wconf 80' lang='lat' dir='ltr'>caedi],</span> <span class='ocrx_word' id='word_1_258' title='bbox 1459 1946 1553 2002; x_wconf 89' lang='lat' dir='ltr'>oculos</span> <span class='ocrx_word' id='word_1_259' title='bbox 1576 1948 1671 2016; x_wconf 89' lang='lat' dir='ltr'>velari,</span> <span class='ocrx_word' id='word_1_260' title='bbox 1693 1951 1768 2007; x_wconf 77' lang='lat' dir='ltr'>cols·</span> 
     </span>
     <span class='ocr_line' id='line_1_20' title="bbox 120 2032 1769 2106; baseline 0.003 -16"><span class='ocrx_word' id='word_1_261' title='bbox 120 2036 260 2090; x_wconf 88' lang='lat' dir='ltr'>ministris</span> <span class='ocrx_word' id='word_1_262' title='bbox 275 2043 304 2089; x_wconf 87' lang='lat' dir='ltr'>et</span> <span class='ocrx_word' id='word_1_263' title='bbox 318 2035 415 2090; x_wconf 86' lang='lat' dir='ltr'>amicis</span> <span class='ocrx_word' id='word_1_264' title='bbox 429 2037 543 2097; x_wconf 88' lang='lat' dir='ltr'>Lazaro,</span> <span class='ocrx_word' id='word_1_265' title='bbox 559 2035 648 2090; x_wconf 83' lang='lat' dir='ltr'>Maria</span> <span class='ocrx_word' id='word_1_266' title='bbox 666 2041 695 2089; x_wconf 90' lang='lat' dir='ltr'>et</span> <span class='ocrx_word' id='word_1_267' title='bbox 717 2036 828 2089; x_wconf 87' lang='lat' dir='ltr'>Martha</span> <span class='ocrx_word' id='word_1_268' title='bbox 846 2035 926 2090; x_wconf 90' lang='lat' dir='ltr'>habi·</span> <span class='ocrx_word' id='word_1_269' title='bbox 968 2034 1075 2106; x_wconf 86' lang='lat' dir='ltr'>phizari</span> <span class='ocrx_word' id='word_1_270' title='bbox 1089 2039 1118 2088; x_wconf 92' lang='lat' dir='ltr'>et</span> <span class='ocrx_word' id='word_1_271' title='bbox 1131 2032 1320 2104; x_wconf 89' lang='lat' dir='ltr'>blasphemari</span> <span class='ocrx_word' id='word_1_272' title='bbox 1342 2033 1410 2098; x_wconf 91' lang='lat' dir='ltr'>Quis</span> <span class='ocrx_word' id='word_1_273' title='bbox 1420 2041 1559 2090; x_wconf 89' lang='lat' dir='ltr'>memoret</span> <span class='ocrx_word' id='word_1_274' title='bbox 1568 2037 1694 2093; x_wconf 88' lang='lat' dir='ltr'>lamenta</span> <span class='ocrx_word' id='word_1_275' title='bbox 1708 2040 1769 2095; x_wconf 87' lang='grc'><strong>113-</strong></span> 
     </span>
     <span class='ocr_line' id='line_1_21' title="bbox 122 2117 1769 2196; baseline 0.002 -16"><span class='ocrx_word' id='word_1_276' title='bbox 122 2131 208 2180; x_wconf 91' lang='lat' dir='ltr'>turus</span> <span class='ocrx_word' id='word_1_277' title='bbox 219 2125 400 2196; x_wconf 75' lang='lat' dir='ltr'>hospitiumc,</span> <span class='ocrx_word' id='word_1_278' title='bbox 414 2141 490 2178; x_wconf 90' lang='lat' dir='ltr'>more</span> <span class='ocrx_word' id='word_1_279' title='bbox 500 2127 617 2179; x_wconf 83' lang='grc'><strong>1133311</strong></span> <span class='ocrx_word' id='word_1_280' title='bbox 626 2117 769 2178; x_wconf 78' lang='lat' dir='ltr'>cereorum</span> <span class='ocrx_word' id='word_1_281' title='bbox 787 2118 877 2192; x_wconf 79' lang='lat' dir='ltr'>(Cerri.</span> <span class='ocrx_word' id='word_1_282' title='bbox 894 2140 924 2191; x_wconf 88' lang='grc'>3,</span> <span class='ocrx_word' id='word_1_283' title='bbox 967 2125 1026 2188; x_wconf 90' lang='lat' dir='ltr'>riae,</span> <span class='ocrx_word' id='word_1_284' title='bbox 1058 2130 1086 2178; x_wconf 87' lang='lat' dir='ltr'>ct</span> <span class='ocrx_word' id='word_1_285' title='bbox 1115 2123 1253 2194; x_wconf 89' lang='lat' dir='ltr'>lacrymas</span> <span class='ocrx_word' id='word_1_286' title='bbox 1275 2121 1377 2193; x_wconf 88' lang='lat' dir='ltr'>quibus</span> <span class='ocrx_word' id='word_1_287' title='bbox 1401 2129 1550 2195; x_wconf 87' lang='lat' dir='ltr'>prosecuta</span> <span class='ocrx_word' id='word_1_288' title='bbox 1572 2131 1616 2179; x_wconf 90' lang='grc'>331</span> <span class='ocrx_word' id='word_1_289' title='bbox 1635 2126 1769 2183; x_wconf 88' lang='lat' dir='ltr'>dilectum</span> 
     </span>
     <span class='ocr_line' id='line_1_22' title="bbox 120 2210 1769 2287; baseline 0.002 -18"><span class='ocrx_word' id='word_1_290' title='bbox 120 2213 161 2280; x_wconf 88' lang='grc'>9),</span> <span class='ocrx_word' id='word_1_291' title='bbox 178 2213 227 2285; x_wconf 85' lang='grc'>331</span> <span class='ocrx_word' id='word_1_292' title='bbox 242 2229 408 2284; x_wconf 87' lang='lat' dir='ltr'>quocunque</span> <span class='ocrx_word' id='word_1_293' title='bbox 423 2229 472 2283; x_wconf 90' lang='lat' dir='ltr'>per</span> <span class='ocrx_word' id='word_1_294' title='bbox 488 2213 562 2267; x_wconf 92' lang='lat' dir='ltr'>diem</span> <span class='ocrx_word' id='word_1_295' title='bbox 577 2212 729 2267; x_wconf 87' lang='lat' dir='ltr'>decesserit</span> <span class='ocrx_word' id='word_1_296' title='bbox 750 2229 866 2285; x_wconf 91' lang='lat' dir='ltr'>vespera</span> <span class='ocrx_word' id='word_1_297' title='bbox 881 2230 926 2267; x_wconf 90' lang='lat' dir='ltr'>re·</span> <span class='ocrx_word' id='word_1_298' title='bbox 969 2229 1052 2267; x_wconf 90' lang='lat' dir='ltr'>suum</span> <span class='ocrx_word' id='word_1_299' title='bbox 1068 2229 1085 2266; x_wconf 93' lang='lat' dir='ltr'>a</span> <span class='ocrx_word' id='word_1_300' title='bbox 1099 2211 1182 2266; x_wconf 90' lang='lat' dir='ltr'>domo</span> <span class='ocrx_word' id='word_1_301' title='bbox 1195 2210 1334 2284; x_wconf 87' lang='lat' dir='ltr'>pontificis</span> <span class='ocrx_word' id='word_1_302' title='bbox 1348 2212 1383 2265; x_wconf 89' lang='lat' dir='ltr'>ad</span> <span class='ocrx_word' id='word_1_303' title='bbox 1400 2212 1527 2284; x_wconf 86' lang='lat' dir='ltr'>praesidis</span> <span class='ocrx_word' id='word_1_304' title='bbox 1549 2214 1643 2269; x_wconf 89' lang='lat' dir='ltr'>Pontii</span> <span class='ocrx_word' id='word_1_305' title='bbox 1665 2221 1769 2287; x_wconf 76' lang='lat' dir='ltr'>praeto·</span> 
     </span>
     <span class='ocr_line' id='line_1_23' title="bbox 120 2299 1794 2376; baseline 0.002 -19"><span class='ocrx_word' id='word_1_306' title='bbox 120 2302 228 2357; x_wconf 91' lang='lat' dir='ltr'>deunte</span> <span class='ocrx_word' id='word_1_307' title='bbox 243 2302 393 2373; x_wconf 90' lang='lat' dir='ltr'>pristinum</span> <span class='ocrx_word' id='word_1_308' title='bbox 409 2301 483 2355; x_wconf 90' lang='lat' dir='ltr'>redit</span> <span class='ocrx_word' id='word_1_309' title='bbox 494 2302 529 2355; x_wconf 88' lang='lat' dir='ltr'>ad</span> <span class='ocrx_word' id='word_1_310' title='bbox 545 2302 680 2356; x_wconf 89' lang='lat' dir='ltr'>lectulum</span> <span class='ocrx_word' id='word_1_311' title='bbox 693 2299 715 2354; x_wconf 75' lang='lat' dir='ltr'>d.</span> <span class='ocrx_word' id='word_1_312' title='bbox 728 2301 774 2357; x_wconf 91' lang='lat' dir='ltr'>Sic</span> <span class='ocrx_word' id='word_1_313' title='bbox 788 2302 924 2369; x_wconf 83' lang='lat' dir='ltr'>Salvator,</span> <span class='ocrx_word' id='word_1_314' title='bbox 967 2302 1051 2369; x_wconf 90' lang='lat' dir='ltr'>rium,</span> <span class='ocrx_word' id='word_1_315' title='bbox 1069 2300 1217 2356; x_wconf 89' lang='grc'><strong>33131313</strong></span> <span class='ocrx_word' id='word_1_316' title='bbox 1240 2319 1257 2356; x_wconf 86' lang='grc'>3</span> <span class='ocrx_word' id='word_1_317' title='bbox 1278 2301 1411 2372; x_wconf 86' lang='lat' dir='ltr'>praetorio</span> <span class='ocrx_word' id='word_1_318' title='bbox 1434 2301 1568 2373; x_wconf 75' lang='lat' dir='ltr'>presidis</span> <span class='ocrx_word' id='word_1_319' title='bbox 1581 2304 1616 2358; x_wconf 89' lang='lat' dir='ltr'>ad</span> <span class='ocrx_word' id='word_1_320' title='bbox 1632 2304 1767 2376; x_wconf 81' lang='lat' dir='ltr'>palatium</span> <span class='ocrx_word' id='word_1_321' title='bbox 1788 2330 1794 2340; x_wconf 56' lang='lat'>²</span> 
     </span>
     <span class='ocr_line' id='line_1_24' title="bbox 121 2390 1821 2464; baseline 0.002 -18"><span class='ocrx_word' id='word_1_322' title='bbox 121 2396 152 2446; x_wconf 91' lang='grc'>31</span> <span class='ocrx_word' id='word_1_323' title='bbox 164 2408 299 2462; x_wconf 89' lang='lat' dir='ltr'>passurus</span> <span class='ocrx_word' id='word_1_324' title='bbox 322 2397 350 2445; x_wconf 91' lang='lat' dir='ltr'>et</span> <span class='ocrx_word' id='word_1_325' title='bbox 373 2408 549 2452; x_wconf 89' lang='lat' dir='ltr'>ascensurus,</span> <span class='ocrx_word' id='word_1_326' title='bbox 573 2391 601 2444; x_wconf 92' lang='lat' dir='ltr'>in</span> <span class='ocrx_word' id='word_1_327' title='bbox 625 2391 792 2445; x_wconf 89' lang='lat' dir='ltr'>Bethaniam</span> <span class='ocrx_word' id='word_1_328' title='bbox 811 2391 927 2445; x_wconf 90' lang='lat' dir='ltr'>domum</span> <span class='ocrx_word' id='word_1_329' title='bbox 968 2390 1769 2464; x_wconf 67' lang='grc'><strong>11333113333131031331333113313313,3133333313·</strong></span> <span class='ocrx_word' id='word_1_330' title='bbox 1817 2399 1821 2407; x_wconf 84' lang='lat'>&#39;</span> 
     </span>
     <span class='ocr_line' id='line_1_25' title="bbox 120 2479 1768 2554; baseline 0.001 -18"><span class='ocrx_word' id='word_1_331' title='bbox 120 2480 208 2536; x_wconf 92' lang='lat' dir='ltr'>rediit</span> <span class='ocrx_word' id='word_1_332' title='bbox 214 2481 390 2546; x_wconf 70' lang='lat' dir='ltr'>obedientiae,</span> <span class='ocrx_word' id='word_1_333' title='bbox 403 2480 549 2535; x_wconf 86' lang='lat' dir='ltr'>insinuans</span> <span class='ocrx_word' id='word_1_334' title='bbox 560 2481 634 2552; x_wconf 92' lang='lat' dir='ltr'>quod</span> <span class='ocrx_word' id='word_1_335' title='bbox 645 2497 663 2534; x_wconf 89' lang='lat' dir='ltr'>a</span> <span class='ocrx_word' id='word_1_336' title='bbox 672 2480 832 2535; x_wconf 89' lang='lat' dir='ltr'>suisamicis</span> <span class='ocrx_word' id='word_1_337' title='bbox 842 2498 927 2551; x_wconf 91' lang='lat' dir='ltr'>super</span> <span class='ocrx_word' id='word_1_338' title='bbox 967 2481 1042 2536; x_wconf 91' lang='lat' dir='ltr'>latus</span> <span class='ocrx_word' id='word_1_339' title='bbox 1052 2480 1178 2551; x_wconf 87' lang='lat' dir='ltr'>explicet,</span> <span class='ocrx_word' id='word_1_340' title='bbox 1193 2479 1294 2551; x_wconf 90' lang='lat' dir='ltr'>quibus</span> <span class='ocrx_word' id='word_1_341' title='bbox 1304 2479 1432 2535; x_wconf 88' lang='lat' dir='ltr'>debriata</span> <span class='ocrx_word' id='word_1_342' title='bbox 1442 2487 1494 2548; x_wconf 90' lang='lat' dir='ltr'>est,</span> <span class='ocrx_word' id='word_1_343' title='bbox 1506 2482 1574 2537; x_wconf 91' lang='lat' dir='ltr'>dum</span> <span class='ocrx_word' id='word_1_344' title='bbox 1585 2482 1660 2554; x_wconf 89' lang='lat' dir='ltr'>apud</span> <span class='ocrx_word' id='word_1_345' title='bbox 1677 2482 1768 2537; x_wconf 85' lang='lat' dir='ltr'>Hem·</span> 
     </span>
     <span class='ocr_line' id='line_1_26' title="bbox 120 2569 1768 2642; baseline 0.001 -17"><span class='ocrx_word' id='word_1_346' title='bbox 120 2570 220 2625; x_wconf 91' lang='lat' dir='ltr'>omnia</span> <span class='ocrx_word' id='word_1_347' title='bbox 233 2569 420 2624; x_wconf 87' lang='lat' dir='ltr'>obedientiam</span> <span class='ocrx_word' id='word_1_348' title='bbox 434 2569 534 2640; x_wconf 81' lang='lat' dir='ltr'>quaerit</span> <span class='ocrx_word' id='word_1_349' title='bbox 547 2583 568 2621; x_wconf 67' lang='grc' dir='ltr'>θ.</span> <span class='ocrx_word' id='word_1_350' title='bbox 967 2570 1031 2625; x_wconf 83' lang='lat' dir='ltr'>dein</span> <span class='ocrx_word' id='word_1_351' title='bbox 1046 2587 1063 2624; x_wconf 87' lang='lat' dir='ltr'>a</span> <span class='ocrx_word' id='word_1_352' title='bbox 1078 2569 1255 2641; x_wconf 85' lang='lat' dir='ltr'>pontificibus</span> <span class='ocrx_word' id='word_1_353' title='bbox 1269 2576 1456 2633; x_wconf 87' lang='lat' dir='ltr'>accusaretur,</span> <span class='ocrx_word' id='word_1_354' title='bbox 1474 2587 1567 2642; x_wconf 85' lang='lat' dir='ltr'>aroge</span> <span class='ocrx_word' id='word_1_355' title='bbox 1578 2571 1768 2642; x_wconf 83' lang='lat' dir='ltr'>interrogare·</span> 
     </span>
     <span class='ocr_line' id='line_1_27' title="bbox 122 2654 1768 2745; baseline -0.001 -12"><span class='ocrx_word' id='word_1_356' title='bbox 122 2679 189 2733; x_wconf 78' lang='lat' dir='ltr'>Cae.</span> <span class='ocrx_word' id='word_1_357' title='bbox 205 2678 263 2731; x_wconf 87' lang='lat' dir='ltr'>XX.</span> <span class='ocrx_word' id='word_1_358' title='bbox 280 2708 313 2718; x_wconf 91' lang='lat'><em>-</em></span> <span class='ocrx_word' id='word_1_359' title='bbox 330 2679 379 2731; x_wconf 87' lang='grc'>111</span> <span class='ocrx_word' id='word_1_360' title='bbox 390 2677 525 2742; x_wconf 73' lang='lat' dir='ltr'>Christus,</span> <span class='ocrx_word' id='word_1_361' title='bbox 535 2681 680 2744; x_wconf 86' lang='lat' dir='ltr'>postquam</span> <span class='ocrx_word' id='word_1_362' title='bbox 693 2679 817 2742; x_wconf 84' lang='grc'><strong>3333311,</strong></span> <span class='ocrx_word' id='word_1_363' title='bbox 833 2660 928 2745; x_wconf 82' lang='lat' dir='ltr'>prodi·</span> <span class='ocrx_word' id='word_1_364' title='bbox 967 2663 1023 2724; x_wconf 60' lang='lat' dir='ltr'>Pila</span> <span class='ocrx_word' id='word_1_365' title='bbox 1036 2657 1198 2714; x_wconf 66' lang='lat' dir='ltr'>amiliiibufl</span> <span class='ocrx_word' id='word_1_366' title='bbox 1207 2665 1399 2732; x_wconf 58' lang='lat' dir='ltr'>sperneretur,</span> <span class='ocrx_word' id='word_1_367' title='bbox 1410 2658 1577 2715; x_wconf 63' lang='lat' dir='ltr'>abfflesciiu</span> <span class='ocrx_word' id='word_1_368' title='bbox 1592 2654 1768 2731; x_wconf 59' lang='grc' dir='ltr'><strong>1111111010ῑῦ11</strong></span> 
     </span>
     <span class='ocr_line' id='line_1_28' title="bbox 157 2747 1768 2820; baseline 0.001 -17"><span class='ocrx_word' id='word_1_369' title='bbox 157 2756 201 2803; x_wconf 85' lang='lat' dir='ltr'>tus</span> <span class='ocrx_word' id='word_1_370' title='bbox 211 2749 529 2817; x_wconf 81' lang='lat' dir='ltr'>rinctnsqneobduciiur</span> <span class='ocrx_word' id='word_1_371' title='bbox 539 2767 547 2802; x_wconf 92' lang='grc'><em>;</em></span> <span class='ocrx_word' id='word_1_372' title='bbox 557 2750 673 2816; x_wconf 87' lang='lat' dir='ltr'>aposloli</span> <span class='ocrx_word' id='word_1_373' title='bbox 683 2749 817 2815; x_wconf 72' lang='lat' dir='ltr'>sapiant:</span> <span class='ocrx_word' id='word_1_374' title='bbox 832 2749 927 2801; x_wconf 79' lang='lat' dir='ltr'>Petras</span> <span class='ocrx_word' id='word_1_375' title='bbox 969 2753 998 2802; x_wconf 96' lang='lat' dir='ltr'>et</span> <span class='ocrx_word' id='word_1_376' title='bbox 1013 2748 1128 2802; x_wconf 90' lang='lat' dir='ltr'>indutus</span> <span class='ocrx_word' id='word_1_377' title='bbox 1142 2754 1220 2802; x_wconf 89' lang='lat' dir='ltr'>veste</span> <span class='ocrx_word' id='word_1_378' title='bbox 1239 2747 1312 2814; x_wconf 90' lang='lat' dir='ltr'>alba,</span> <span class='ocrx_word' id='word_1_379' title='bbox 1328 2749 1363 2802; x_wconf 91' lang='lat' dir='ltr'>ad</span> <span class='ocrx_word' id='word_1_380' title='bbox 1378 2748 1505 2820; x_wconf 74' lang='lat' dir='ltr'>praesidis</span> <span class='ocrx_word' id='word_1_381' title='bbox 1525 2749 1698 2805; x_wconf 87' lang='lat' dir='ltr'>audientiam</span> <span class='ocrx_word' id='word_1_382' title='bbox 1723 2767 1768 2804; x_wconf 91' lang='lat' dir='ltr'>re-</span> 
     </span>
     <span class='ocr_line' id='line_1_29' title="bbox 156 2818 1768 2908; baseline 0.004 -20"><span class='ocrx_word' id='word_1_383' title='bbox 156 2821 355 2888; x_wconf 48' lang='grc'><strong>1111111111</strong></span> <span class='ocrx_word' id='word_1_384' title='bbox 372 2819 478 2872; x_wconf 63' lang='lat' dir='ltr'>G&#39;isl&#39;iiO</span> <span class='ocrx_word' id='word_1_385' title='bbox 497 2818 627 2872; x_wconf 60' lang='lat' dir='ltr'>“dimi-</span> <span class='ocrx_word' id='word_1_386' title='bbox 967 2835 1146 2889; x_wconf 85' lang='lat' dir='ltr'>mitteretur?</span> <span class='ocrx_word' id='word_1_387' title='bbox 1170 2835 1239 2899; x_wconf 89' lang='lat' dir='ltr'>Quis</span> <span class='ocrx_word' id='word_1_388' title='bbox 1262 2835 1321 2889; x_wconf 91' lang='lat' dir='ltr'>sine</span> <span class='ocrx_word' id='word_1_389' title='bbox 1347 2835 1488 2907; x_wconf 75' lang='lat' dir='ltr'>lacrymis,</span> <span class='ocrx_word' id='word_1_390' title='bbox 1513 2837 1652 2908; x_wconf 83' lang='lat' dir='ltr'>lacrymas</span> <span class='ocrx_word' id='word_1_391' title='bbox 1672 2834 1768 2894; x_wconf 79' lang='lat' dir='ltr'>Mariae</span> 
     </span>
     <span class='ocr_line' id='line_1_30' title="bbox 158 2922 1769 2996; baseline -0.001 -14"><span class='ocrx_word' id='word_1_392' title='bbox 158 2930 256 2982; x_wconf 85' lang='lat' dir='ltr'>Primo</span> <span class='ocrx_word' id='word_1_393' title='bbox 279 2931 374 2980; x_wconf 84' lang='lat' dir='ltr'>aulem</span> <span class='ocrx_word' id='word_1_394' title='bbox 397 2928 440 2980; x_wconf 86' lang='lat' dir='ltr'>die</span> <span class='ocrx_word' id='word_1_395' title='bbox 458 2941 624 2993; x_wconf 78' lang='lat' dir='ltr'>azynmrum</span> <span class='ocrx_word' id='word_1_396' title='bbox 647 2925 855 2991; x_wconf 72' lang='grc'><strong>(1311133331,</strong></span> <span class='ocrx_word' id='word_1_397' title='bbox 883 2924 924 2996; x_wconf 80' lang='lat'>17)</span> <span class='ocrx_word' id='word_1_398' title='bbox 966 2925 1081 2989; x_wconf 90' lang='lat' dir='ltr'>recolat,</span> <span class='ocrx_word' id='word_1_399' title='bbox 1098 2940 1168 2993; x_wconf 88' lang='grc'><strong>3333</strong></span> <span class='ocrx_word' id='word_1_400' title='bbox 1183 2922 1255 2978; x_wconf 87' lang='grc'><strong>13111</strong></span> <span class='ocrx_word' id='word_1_401' title='bbox 1270 2923 1420 2991; x_wconf 86' lang='lat' dir='ltr'>uberrime,</span> <span class='ocrx_word' id='word_1_402' title='bbox 1438 2924 1506 2978; x_wconf 92' lang='lat' dir='ltr'>dum</span> <span class='ocrx_word' id='word_1_403' title='bbox 1520 2925 1629 2979; x_wconf 88' lang='lat' dir='ltr'>videret</span> <span class='ocrx_word' id='word_1_404' title='bbox 1641 2942 1706 2980; x_wconf 92' lang='lat' dir='ltr'>eum</span> <span class='ocrx_word' id='word_1_405' title='bbox 1719 2927 1769 2980; x_wconf 87' lang='lat' dir='ltr'>tri·</span> 
     </span>
     <span class='ocr_line' id='line_1_31' title="bbox 120 3012 1771 3095; baseline 0.001 -25"><span class='ocrx_word' id='word_1_406' title='bbox 120 3016 221 3087; x_wconf 89' lang='lat' dir='ltr'>quinta</span> <span class='ocrx_word' id='word_1_407' title='bbox 234 3015 276 3085; x_wconf 87' lang='lat' dir='ltr'>[id</span> <span class='ocrx_word' id='word_1_408' title='bbox 291 3020 338 3080; x_wconf 84' lang='lat' dir='ltr'>cst,</span> <span class='ocrx_word' id='word_1_409' title='bbox 356 3013 454 3085; x_wconf 84' lang='lat' dir='ltr'>quinta</span> <span class='ocrx_word' id='word_1_410' title='bbox 476 3014 556 3083; x_wconf 87' lang='lat' dir='ltr'>feria]</span> <span class='ocrx_word' id='word_1_411' title='bbox 577 3013 749 3069; x_wconf 89' lang='lat' dir='ltr'>charissimis</span> <span class='ocrx_word' id='word_1_412' title='bbox 768 3013 926 3085; x_wconf 89' lang='lat' dir='ltr'>hospitibus</span> <span class='ocrx_word' id='word_1_413' title='bbox 948 3012 1117 3095; x_wconf 53' lang='lat' dir='ltr'>¹bucalibus</span> <span class='ocrx_word' id='word_1_414' title='bbox 1131 3017 1233 3078; x_wconf 80' lang='grc'><strong>331333,</strong></span> <span class='ocrx_word' id='word_1_415' title='bbox 1249 3018 1410 3067; x_wconf 91' lang='lat' dir='ltr'>accusatum</span> <span class='ocrx_word' id='word_1_416' title='bbox 1425 3019 1528 3078; x_wconf 88' lang='lat' dir='ltr'>tacere,</span> <span class='ocrx_word' id='word_1_417' title='bbox 1545 3015 1692 3086; x_wconf 84' lang='lat' dir='ltr'>pontifices</span> <span class='ocrx_word' id='word_1_418' title='bbox 1706 3031 1771 3071; x_wconf 85' lang='lat' dir='ltr'>con·</span> 
     </span>
     <span class='ocr_line' id='line_1_32' title="bbox 120 3076 1770 3176; baseline 0 -17"><span class='ocrx_word' id='word_1_419' title='bbox 120 3104 191 3167; x_wconf 89' lang='lat' dir='ltr'>suis,</span> <span class='ocrx_word' id='word_1_420' title='bbox 204 3105 318 3169; x_wconf 87' lang='lat' dir='ltr'>Lazaro,</span> <span class='ocrx_word' id='word_1_421' title='bbox 331 3103 424 3157; x_wconf 82' lang='lat' dir='ltr'>lilariae</span> <span class='ocrx_word' id='word_1_422' title='bbox 434 3109 463 3157; x_wconf 92' lang='lat' dir='ltr'>et</span> <span class='ocrx_word' id='word_1_423' title='bbox 472 3104 588 3157; x_wconf 77' lang='lat' dir='ltr'>Martha</span> <span class='ocrx_word' id='word_1_424' title='bbox 601 3103 731 3159; x_wconf 89' lang='lat' dir='ltr'>ultimum</span> <span class='ocrx_word' id='word_1_425' title='bbox 746 3103 902 3157; x_wconf 89' lang='lat' dir='ltr'>valedicens</span> <span class='ocrx_word' id='word_1_426' title='bbox 918 3121 923 3155; x_wconf 91' lang='lat'>:</span> <span class='ocrx_word' id='word_1_427' title='bbox 937 3076 1077 3157; x_wconf 64' lang='lat' dir='ltr'>Pstanur</span> <span class='ocrx_word' id='word_1_428' title='bbox 1090 3118 1232 3168; x_wconf 87' lang='lat' dir='ltr'>accusare,</span> <span class='ocrx_word' id='word_1_429' title='bbox 1244 3102 1390 3173; x_wconf 81' lang='lat' dir='ltr'>praesidem</span> <span class='ocrx_word' id='word_1_430' title='bbox 1404 3101 1511 3157; x_wconf 89' lang='lat' dir='ltr'>diutius</span> <span class='ocrx_word' id='word_1_431' title='bbox 1526 3120 1667 3171; x_wconf 84' lang='lat' dir='ltr'>excusare,</span> <span class='ocrx_word' id='word_1_432' title='bbox 1678 3108 1707 3159; x_wconf 85' lang='lat' dir='ltr'>ei</span> <span class='ocrx_word' id='word_1_433' title='bbox 1718 3121 1770 3176; x_wconf 92' lang='lat' dir='ltr'>pro</span> 
     </span>
     <span class='ocr_line' id='line_1_33' title="bbox 121 3191 1771 3265; baseline 0.002 -20"><span class='ocrx_word' id='word_1_434' title='bbox 121 3210 238 3264; x_wconf 85' lang='lat' dir='ltr'>vespere</span> <span class='ocrx_word' id='word_1_435' title='bbox 253 3191 335 3254; x_wconf 90' lang='lat' dir='ltr'>iacto,</span> <span class='ocrx_word' id='word_1_436' title='bbox 357 3208 464 3246; x_wconf 85' lang='lat' dir='ltr'>coenarn</span> <span class='ocrx_word' id='word_1_437' title='bbox 484 3192 548 3245; x_wconf 86' lang='lat' dir='ltr'>iecit</span> <span class='ocrx_word' id='word_1_438' title='bbox 567 3192 760 3265; x_wconf 82' lang='lat' dir='ltr'>ierosolymis,</span> <span class='ocrx_word' id='word_1_439' title='bbox 784 3209 848 3247; x_wconf 91' lang='lat' dir='ltr'>cum</span> <span class='ocrx_word' id='word_1_440' title='bbox 869 3192 927 3247; x_wconf 91' lang='lat' dir='ltr'>suis</span> <span class='ocrx_word' id='word_1_441' title='bbox 969 3195 1030 3263; x_wconf 83' lang='lat' dir='ltr'>ejus</span> <span class='ocrx_word' id='word_1_442' title='bbox 1044 3191 1210 3247; x_wconf 89' lang='lat' dir='ltr'>liberatione</span> <span class='ocrx_word' id='word_1_443' title='bbox 1231 3191 1368 3257; x_wconf 87' lang='lat' dir='ltr'>laborare,</span> <span class='ocrx_word' id='word_1_444' title='bbox 1392 3191 1585 3251; x_wconf 80' lang='lat' dir='ltr'>innocentem.</span> <span class='ocrx_word' id='word_1_445' title='bbox 1597 3209 1662 3248; x_wconf 89' lang='lat' dir='ltr'>eum</span> <span class='ocrx_word' id='word_1_446' title='bbox 1681 3195 1771 3249; x_wconf 83' lang='lat' dir='ltr'>omni-</span> 
     </span>
     <span class='ocr_line' id='line_1_34' title="bbox 121 3276 1771 3354; baseline 0.001 -16"><span class='ocrx_word' id='word_1_447' title='bbox 121 3282 271 3338; x_wconf 90' lang='lat' dir='ltr'>duodecim</span> <span class='ocrx_word' id='word_1_448' title='bbox 279 3281 432 3354; x_wconf 89' lang='lat' dir='ltr'>discipulis.</span> <span class='ocrx_word' id='word_1_449' title='bbox 450 3283 536 3336; x_wconf 73' lang='grc'><strong>(1333</strong></span> <span class='ocrx_word' id='word_1_450' title='bbox 551 3282 600 3336; x_wconf 90' lang='grc'><strong>1113</strong></span> <span class='ocrx_word' id='word_1_451' title='bbox 612 3276 739 3346; x_wconf 89' lang='lat' dir='ltr'>celebris,</span> <span class='ocrx_word' id='word_1_452' title='bbox 756 3280 928 3338; x_wconf 86' lang='grc'><strong>3333313313</strong></span> <span class='ocrx_word' id='word_1_453' title='bbox 968 3281 1058 3336; x_wconf 89' lang='lat' dir='ltr'>modis</span> <span class='ocrx_word' id='word_1_454' title='bbox 1073 3279 1255 3352; x_wconf 90' lang='lat' dir='ltr'>comprobare</span> <span class='ocrx_word' id='word_1_455' title='bbox 1268 3281 1398 3352; x_wconf 90' lang='lat' dir='ltr'>plurimis</span> <span class='ocrx_word' id='word_1_456' title='bbox 1411 3281 1540 3353; x_wconf 89' lang='lat' dir='ltr'>precibus</span> <span class='ocrx_word' id='word_1_457' title='bbox 1553 3282 1696 3353; x_wconf 84' lang='lat' dir='ltr'>postulare</span> <span class='ocrx_word' id='word_1_458' title='bbox 1715 3301 1720 3335; x_wconf 96' lang='lat'><strong>:</strong></span> <span class='ocrx_word' id='word_1_459' title='bbox 1738 3289 1771 3339; x_wconf 89' lang='grc'>31</span> 
     </span>
     <span class='ocr_line' id='line_1_35' title="bbox 121 3370 1770 3444; baseline 0 -17"><span class='ocrx_word' id='word_1_460' title='bbox 121 3373 185 3437; x_wconf 89' lang='grc'><strong>1311,</strong></span> <span class='ocrx_word' id='word_1_461' title='bbox 200 3374 298 3444; x_wconf 91' lang='lat' dir='ltr'>inqua</span> <span class='ocrx_word' id='word_1_462' title='bbox 319 3372 377 3425; x_wconf 87' lang='grc'><strong>3313</strong></span> <span class='ocrx_word' id='word_1_463' title='bbox 394 3371 529 3442; x_wconf 88' lang='lat' dir='ltr'>apostolis</span> <span class='ocrx_word' id='word_1_464' title='bbox 548 3371 633 3442; x_wconf 89' lang='lat' dir='ltr'>pedes</span> <span class='ocrx_word' id='word_1_465' title='bbox 654 3372 730 3438; x_wconf 87' lang='lat' dir='ltr'>lavit,</span> <span class='ocrx_word' id='word_1_466' title='bbox 752 3389 785 3426; x_wconf 89' lang='lat' dir='ltr'>ex</span> <span class='ocrx_word' id='word_1_467' title='bbox 807 3388 879 3444; x_wconf 91' lang='lat' dir='ltr'>pane</span> <span class='ocrx_word' id='word_1_468' title='bbox 899 3380 928 3428; x_wconf 90' lang='lat' dir='ltr'>et</span> <span class='ocrx_word' id='word_1_469' title='bbox 969 3372 1079 3433; x_wconf 89' lang='lat' dir='ltr'>saltem,</span> <span class='ocrx_word' id='word_1_470' title='bbox 1099 3387 1150 3441; x_wconf 93' lang='lat' dir='ltr'>pro</span> <span class='ocrx_word' id='word_1_471' title='bbox 1175 3371 1332 3424; x_wconf 85' lang='lat' dir='ltr'>reverentia</span> <span class='ocrx_word' id='word_1_472' title='bbox 1357 3370 1413 3424; x_wconf 92' lang='lat' dir='ltr'>diei</span> <span class='ocrx_word' id='word_1_473' title='bbox 1434 3370 1582 3441; x_wconf 86' lang='lat' dir='ltr'>paschalis,</span> <span class='ocrx_word' id='word_1_474' title='bbox 1602 3370 1686 3425; x_wconf 80' lang='lat' dir='ltr'>liceat</span> <span class='ocrx_word' id='word_1_475' title='bbox 1704 3387 1770 3427; x_wconf 82' lang='lat' dir='ltr'>aum</span> 
     </span>
     <span class='ocr_line' id='line_1_36' title="bbox 122 3457 1770 3535; baseline -0.001 -20"><span class='ocrx_word' id='word_1_476' title='bbox 122 3463 188 3516; x_wconf 89' lang='lat' dir='ltr'>vino</span> <span class='ocrx_word' id='word_1_477' title='bbox 203 3479 303 3533; x_wconf 90' lang='lat' dir='ltr'>corpus</span> <span class='ocrx_word' id='word_1_478' title='bbox 326 3478 407 3515; x_wconf 88' lang='lat' dir='ltr'>suurn</span> <span class='ocrx_word' id='word_1_479' title='bbox 428 3466 457 3514; x_wconf 92' lang='lat' dir='ltr'>et</span> <span class='ocrx_word' id='word_1_480' title='bbox 470 3461 637 3531; x_wconf 85' lang='lat' dir='ltr'>sanguinem</span> <span class='ocrx_word' id='word_1_481' title='bbox 661 3461 734 3515; x_wconf 92' lang='grc'><strong>13311.</strong></span> <span class='ocrx_word' id='word_1_482' title='bbox 760 3462 862 3516; x_wconf 90' lang='lat' dir='ltr'>Secuta</span> <span class='ocrx_word' id='word_1_483' title='bbox 885 3465 929 3515; x_wconf 89' lang='lat' dir='ltr'>est</span> <span class='ocrx_word' id='word_1_484' title='bbox 968 3457 1085 3525; x_wconf 72' lang='grc'><strong>311331,</strong></span> <span class='ocrx_word' id='word_1_485' title='bbox 1109 3457 1253 3528; x_wconf 84' lang='lat' dir='ltr'>pontifices</span> <span class='ocrx_word' id='word_1_486' title='bbox 1278 3474 1342 3535; x_wconf 89' lang='lat' dir='ltr'>vero</span> <span class='ocrx_word' id='word_1_487' title='bbox 1366 3458 1567 3524; x_wconf 84' lang='lat' dir='ltr'>contradicere,</span> <span class='ocrx_word' id='word_1_488' title='bbox 1592 3474 1642 3529; x_wconf 91' lang='lat' dir='ltr'>pro</span> <span class='ocrx_word' id='word_1_489' title='bbox 1660 3458 1770 3513; x_wconf 78' lang='grc'><strong>1313333</strong></span> 
     </span>
    </p>
   </div>
   <div class='ocr_carea' id='block_1_3' title="bbox 596 3574 1289 3622">
    <p class='ocr_par' dir='ltr' id='par_1_3' title="bbox 596 3574 1289 3622">
     <span class='ocr_line' id='line_1_37' title="bbox 596 3574 1289 3622; baseline -0.009 -1"><span class='ocrx_word' id='word_1_490' title='bbox 596 3575 682 3621; x_wconf 78' lang='grc' dir='ltr'>10Τῶ</span> <span class='ocrx_word' id='word_1_491' title='bbox 706 3576 888 3622; x_wconf 71' lang='lat' dir='ltr'>rorissimam</span> <span class='ocrx_word' id='word_1_492' title='bbox 911 3576 948 3621; x_wconf 76' lang='lat' dir='ltr'>EX</span> <span class='ocrx_word' id='word_1_493' title='bbox 970 3574 1091 3619; x_wconf 80' lang='lat' dir='ltr'>RABANO</span> <span class='ocrx_word' id='word_1_494' title='bbox 1114 3574 1289 3618; x_wconf 73' lang='lat' dir='ltr'>ausuum.</span> 
     </span>
    </p>
   </div>
   <div class='ocr_carea' id='block_1_4' title="bbox 121 3660 1774 5728">
    <p class='ocr_par' dir='ltr' id='par_1_4' title="bbox 121 3660 1774 4587">
     <span class='ocr_line' id='line_1_38' title="bbox 123 3660 1774 3735; baseline -0.005 -13"><span class='ocrx_word' id='word_1_495' title='bbox 123 3674 182 3722; x_wconf 86' lang='lat' dir='ltr'>tarn</span> <span class='ocrx_word' id='word_1_496' title='bbox 198 3666 526 3735; x_wconf 76' lang='grc'><strong>33313313130313333</strong></span> <span class='ocrx_word' id='word_1_497' title='bbox 545 3665 661 3720; x_wconf 85' lang='lat' dir='ltr'>vidisset</span> <span class='ocrx_word' id='word_1_498' title='bbox 677 3665 806 3720; x_wconf 86' lang='lat' dir='ltr'>arborem</span> <span class='ocrx_word' id='word_1_499' title='bbox 828 3679 925 3731; x_wconf 89' lang='lat' dir='ltr'>unam,</span> <span class='ocrx_word' id='word_1_500' title='bbox 964 3669 1026 3733; x_wconf 83' lang='lat' dir='ltr'>posi</span> <span class='ocrx_word' id='word_1_501' title='bbox 1041 3664 1157 3717; x_wconf 85' lang='lat' dir='ltr'>biduum</span> <span class='ocrx_word' id='word_1_502' title='bbox 1167 3663 1268 3731; x_wconf 84' lang='lat' dir='ltr'>pascha</span> <span class='ocrx_word' id='word_1_503' title='bbox 1283 3664 1360 3730; x_wconf 79' lang='lat' dir='ltr'>liet...</span> <span class='ocrx_word' id='word_1_504' title='bbox 1376 3662 1415 3716; x_wconf 80' lang='lat' dir='ltr'>Ex</span> <span class='ocrx_word' id='word_1_505' title='bbox 1429 3661 1478 3716; x_wconf 91' lang='lat' dir='ltr'>illo</span> <span class='ocrx_word' id='word_1_506' title='bbox 1493 3674 1560 3732; x_wconf 83' lang='lat' dir='ltr'>ergo</span> <span class='ocrx_word' id='word_1_507' title='bbox 1574 3660 1684 3733; x_wconf 86' lang='grc'><strong>113333</strong></span> <span class='ocrx_word' id='word_1_508' title='bbox 1696 3663 1774 3717; x_wconf 79' lang='lat' dir='ltr'>venit</span> 
     </span>
     <span class='ocr_line' id='line_1_39' title="bbox 122 3732 1769 3816; baseline -0.002 -24"><span class='ocrx_word' id='word_1_509' title='bbox 122 3755 209 3810; x_wconf 88' lang='lat' dir='ltr'>quam</span> <span class='ocrx_word' id='word_1_510' title='bbox 222 3738 432 3807; x_wconf 87' lang='lat' dir='ltr'>intelligimuss</span> <span class='ocrx_word' id='word_1_511' title='bbox 452 3752 590 3807; x_wconf 86' lang='lat' dir='ltr'>nagogum</span> <span class='ocrx_word' id='word_1_512' title='bbox 596 3776 648 3790; x_wconf 90' lang='grc'><strong>.....</strong></span> <span class='ocrx_word' id='word_1_513' title='bbox 666 3738 743 3791; x_wconf 89' lang='lat' dir='ltr'>venit</span> <span class='ocrx_word' id='word_1_514' title='bbox 754 3738 789 3791; x_wconf 88' lang='grc'>31</span> <span class='ocrx_word' id='word_1_515' title='bbox 805 3754 867 3791; x_wconf 89' lang='lat' dir='ltr'>earn</span> <span class='ocrx_word' id='word_1_516' title='bbox 872 3774 925 3790; x_wconf 92' lang='grc'><strong>.....</strong></span> <span class='ocrx_word' id='word_1_517' title='bbox 968 3732 1671 3805; x_wconf 65' lang='grc'><strong>1311331331,3133313113313333131331331331,</strong></span> <span class='ocrx_word' id='word_1_518' title='bbox 1679 3742 1769 3816; x_wconf 80' lang='lat' dir='ltr'>usque</span> 
     </span>
     <span class='ocr_line' id='line_1_40' title="bbox 121 3755 1768 3932; baseline -0.002 -69"><span class='ocrx_word' id='word_1_519' title='bbox 121 3810 253 3880; x_wconf 91' lang='lat' dir='ltr'>nihilque</span> <span class='ocrx_word' id='word_1_520' title='bbox 267 3806 374 3863; x_wconf 90' lang='lat' dir='ltr'>invenit</span> <span class='ocrx_word' id='word_1_521' title='bbox 387 3809 414 3862; x_wconf 94' lang='lat' dir='ltr'>in</span> <span class='ocrx_word' id='word_1_522' title='bbox 425 3755 482 3871; x_wconf 67' lang='lat' dir='ltr'>iila,</span> <span class='ocrx_word' id='word_1_523' title='bbox 493 3808 546 3862; x_wconf 90' lang='lat' dir='ltr'>nisi</span> <span class='ocrx_word' id='word_1_524' title='bbox 552 3809 618 3863; x_wconf 89' lang='lat' dir='ltr'>folia</span> <span class='ocrx_word' id='word_1_525' title='bbox 627 3813 747 3868; x_wconf 81' lang='lat' dir='ltr'>tanturn,</span> <span class='ocrx_word' id='word_1_526' title='bbox 762 3809 927 3880; x_wconf 79' lang='lat' dir='ltr'>promissio·</span> <span class='ocrx_word' id='word_1_527' title='bbox 968 3808 1004 3861; x_wconf 90' lang='lat' dir='ltr'>ad</span> <span class='ocrx_word' id='word_1_528' title='bbox 1016 3807 1091 3861; x_wconf 89' lang='lat' dir='ltr'>diem</span> <span class='ocrx_word' id='word_1_529' title='bbox 1107 3823 1161 3876; x_wconf 92' lang='lat' dir='ltr'>quo</span> <span class='ocrx_word' id='word_1_530' title='bbox 1177 3805 1231 3860; x_wconf 87' lang='grc'><strong>1313</strong></span> <span class='ocrx_word' id='word_1_531' title='bbox 1241 3805 1335 3860; x_wconf 86' lang='lat' dir='ltr'>omnia</span> <span class='ocrx_word' id='word_1_532' title='bbox 1347 3810 1427 3874; x_wconf 82' lang='lat' dir='ltr'>gesta</span> <span class='ocrx_word' id='word_1_533' title='bbox 1441 3810 1527 3875; x_wconf 86' lang='lat' dir='ltr'>atque</span> <span class='ocrx_word' id='word_1_534' title='bbox 1541 3804 1617 3858; x_wconf 84' lang='lat' dir='ltr'>dicta</span> <span class='ocrx_word' id='word_1_535' title='bbox 1630 3810 1724 3932; x_wconf 60' lang='lat' dir='ltr'>sunqa</span> <span class='ocrx_word' id='word_1_536' title='bbox 1755 3830 1768 3847; x_wconf 83' lang='lat'><strong>·</strong></span> 
     </span>
     <span class='ocr_line' id='line_1_41' title="bbox 122 3875 1767 3951; baseline -0.002 -16"><span class='ocrx_word' id='word_1_537' title='bbox 122 3881 360 3951; x_wconf 83' lang='lat' dir='ltr'>numatrepitum,</span> <span class='ocrx_word' id='word_1_538' title='bbox 374 3880 539 3933; x_wconf 89' lang='lat' dir='ltr'>traditiones</span> <span class='ocrx_word' id='word_1_539' title='bbox 550 3880 731 3950; x_wconf 88' lang='lat' dir='ltr'>pharisaicas,</span> <span class='ocrx_word' id='word_1_540' title='bbox 743 3881 926 3950; x_wconf 88' lang='lat' dir='ltr'>jactationem</span> <span class='ocrx_word' id='word_1_541' title='bbox 969 3878 1274 3948; x_wconf 85' lang='lat' dir='ltr'>telligimus...consum</span> <span class='ocrx_word' id='word_1_542' title='bbox 1295 3875 1689 3946; x_wconf 84' lang='lat' dir='ltr'>iumfuisasquatriduum.liu</span> <span class='ocrx_word' id='word_1_543' title='bbox 1726 3879 1767 3942; x_wconf 93' lang='grc'>31,</span> 
     </span>
     <span class='ocr_line' id='line_1_42' title="bbox 121 3894 1319 4021; baseline -0.003 -16"><span class='ocrx_word' id='word_1_544' title='bbox 121 3952 203 4021; x_wconf 85' lang='lat' dir='ltr'>legis,</span> <span class='ocrx_word' id='word_1_545' title='bbox 220 3958 249 4005; x_wconf 92' lang='lat' dir='ltr'>et</span> <span class='ocrx_word' id='word_1_546' title='bbox 258 3952 299 4004; x_wconf 87' lang='lat' dir='ltr'>ait</span> <span class='ocrx_word' id='word_1_547' title='bbox 310 3951 349 4005; x_wconf 92' lang='lat' dir='ltr'>illi</span> <span class='ocrx_word' id='word_1_548' title='bbox 363 3971 369 4004; x_wconf 93' lang='lat'><strong>:</strong></span> <span class='ocrx_word' id='word_1_549' title='bbox 383 3953 534 4019; x_wconf 80' lang='grc'><strong>13333333</strong></span> <span class='ocrx_word' id='word_1_550' title='bbox 548 3968 580 4004; x_wconf 81' lang='lat' dir='ltr'>er</span> <span class='ocrx_word' id='word_1_551' title='bbox 591 3954 730 4018; x_wconf 74' lang='lat' dir='ltr'>tesnerias</span> <span class='ocrx_word' id='word_1_552' title='bbox 742 3952 926 4006; x_wconf 84' lang='lat' dir='ltr'>noscaturvel</span> <span class='ocrx_word' id='word_1_553' title='bbox 969 3951 1047 4014; x_wconf 76' lang='lat' dir='ltr'>ibid,</span> <span class='ocrx_word' id='word_1_554' title='bbox 1062 3949 1110 4004; x_wconf 88' lang='lat' dir='ltr'>lib.</span> <span class='ocrx_word' id='word_1_555' title='bbox 1128 3963 1187 4015; x_wconf 83' lang='lat' dir='ltr'>vul,</span> <span class='ocrx_word' id='word_1_556' title='bbox 1202 3961 1263 4019; x_wconf 87' lang='lat' dir='ltr'>cap.</span> <span class='ocrx_word' id='word_1_557' title='bbox 1276 3894 1319 4003; x_wconf 64' lang='lat' dir='ltr'>it.</span> 
     </span>
     <span class='ocr_line' id='line_1_43' title="bbox 122 4021 1769 4091; baseline -0.002 -14"><span class='ocrx_word' id='word_1_558' title='bbox 122 4026 155 4077; x_wconf 87' lang='grc'>13</span> <span class='ocrx_word' id='word_1_559' title='bbox 169 4026 380 4091; x_wconf 69' lang='lat' dir='ltr'>correptionem,</span> <span class='ocrx_word' id='word_1_560' title='bbox 397 4022 440 4076; x_wconf 92' lang='lat' dir='ltr'>vel</span> <span class='ocrx_word' id='word_1_561' title='bbox 453 4026 483 4076; x_wconf 86' lang='lat' dir='ltr'>in</span> <span class='ocrx_word' id='word_1_562' title='bbox 496 4027 637 4076; x_wconf 77' lang='grc'><strong>33331331.</strong></span> <span class='ocrx_word' id='word_1_563' title='bbox 650 4025 753 4078; x_wconf 76' lang='lat' dir='ltr'>daban.</span> <span class='ocrx_word' id='word_1_564' title='bbox 769 4027 801 4077; x_wconf 87' lang='grc'>13</span> <span class='ocrx_word' id='word_1_565' title='bbox 815 4024 925 4086; x_wconf 60' lang='lat' dir='ltr'>illailla,</span> <span class='ocrx_word' id='word_1_566' title='bbox 1004 4032 1015 4061; x_wconf 84' lang='lat' dir='ltr'>c</span> <span class='ocrx_word' id='word_1_567' title='bbox 1031 4022 1063 4074; x_wconf 85' lang='grc'>11</span> <span class='ocrx_word' id='word_1_568' title='bbox 1078 4023 1280 4089; x_wconf 80' lang='lat' dir='ltr'>circurrrspeeiii</span> <span class='ocrx_word' id='word_1_569' title='bbox 1296 4021 1424 4073; x_wconf 81' lang='lat' dir='ltr'>omnibus</span> <span class='ocrx_word' id='word_1_570' title='bbox 1439 4022 1569 4087; x_wconf 75' lang='lat' dir='ltr'>carnium</span> <span class='ocrx_word' id='word_1_571' title='bbox 1582 4027 1692 4088; x_wconf 75' lang='grc'><strong>1313333</strong></span> <span class='ocrx_word' id='word_1_572' title='bbox 1705 4024 1769 4073; x_wconf 79' lang='lat' dir='ltr'>assat</span> 
     </span>
     <span class='ocr_line' id='line_1_44' title="bbox 125 4089 1768 4164; baseline -0.002 -15"><span class='ocrx_word' id='word_1_573' title='bbox 125 4094 389 4160; x_wconf 67' lang='grc'><strong>331113333333.</strong></span> <span class='ocrx_word' id='word_1_574' title='bbox 407 4093 552 4157; x_wconf 84' lang='lat' dir='ltr'>Quomodo</span> <span class='ocrx_word' id='word_1_575' title='bbox 562 4094 698 4149; x_wconf 89' lang='lat' dir='ltr'>Dominus</span> <span class='ocrx_word' id='word_1_576' title='bbox 712 4095 800 4148; x_wconf 91' lang='lat' dir='ltr'>multa</span> <span class='ocrx_word' id='word_1_577' title='bbox 810 4095 839 4148; x_wconf 92' lang='lat' dir='ltr'>in</span> <span class='ocrx_word' id='word_1_578' title='bbox 848 4110 928 4164; x_wconf 89' lang='lat' dir='ltr'>para·</span> <span class='ocrx_word' id='word_1_579' title='bbox 968 4093 1035 4145; x_wconf 78' lang='lat' dir='ltr'>liora</span> <span class='ocrx_word' id='word_1_580' title='bbox 1051 4095 1135 4148; x_wconf 86' lang='lat' dir='ltr'>crioil</span> <span class='ocrx_word' id='word_1_581' title='bbox 1152 4095 1183 4145; x_wconf 87' lang='lat' dir='ltr'>in</span> <span class='ocrx_word' id='word_1_582' title='bbox 1199 4092 1361 4145; x_wconf 74' lang='lat' dir='ltr'>Brittaniam</span> <span class='ocrx_word' id='word_1_583' title='bbox 1382 4107 1444 4145; x_wconf 81' lang='lat' dir='ltr'>curn</span> <span class='ocrx_word' id='word_1_584' title='bbox 1465 4092 1617 4145; x_wconf 82' lang='lat' dir='ltr'>duodecim.</span> <span class='ocrx_word' id='word_1_585' title='bbox 1639 4089 1702 4145; x_wconf 88' lang='lat' dir='ltr'>Noa</span> <span class='ocrx_word' id='word_1_586' title='bbox 1716 4090 1768 4145; x_wconf 86' lang='lat' dir='ltr'>hoc</span> 
     </span>
     <span class='ocr_line' id='line_1_45' title="bbox 124 4158 1770 4236; baseline -0.002 -17"><span class='ocrx_word' id='word_1_587' title='bbox 124 4164 197 4219; x_wconf 90' lang='lat' dir='ltr'>bolis</span> <span class='ocrx_word' id='word_1_588' title='bbox 212 4164 315 4229; x_wconf 90' lang='lat' dir='ltr'>dicere,</span> <span class='ocrx_word' id='word_1_589' title='bbox 327 4165 367 4219; x_wconf 88' lang='lat' dir='ltr'>ita</span> <span class='ocrx_word' id='word_1_590' title='bbox 382 4165 467 4218; x_wconf 88' lang='lat' dir='ltr'>etiam</span> <span class='ocrx_word' id='word_1_591' title='bbox 483 4165 617 4218; x_wconf 90' lang='lat' dir='ltr'>nonnulla</span> <span class='ocrx_word' id='word_1_592' title='bbox 636 4165 665 4219; x_wconf 91' lang='lat' dir='ltr'>in</span> <span class='ocrx_word' id='word_1_593' title='bbox 682 4164 822 4236; x_wconf 87' lang='lat' dir='ltr'>parabolis</span> <span class='ocrx_word' id='word_1_594' title='bbox 836 4166 927 4219; x_wconf 87' lang='lat' dir='ltr'>iacere</span> <span class='ocrx_word' id='word_1_595' title='bbox 968 4162 1054 4217; x_wconf 89' lang='lat' dir='ltr'>semel</span> <span class='ocrx_word' id='word_1_596' title='bbox 1069 4163 1142 4229; x_wconf 86' lang='lat' dir='ltr'>iecit,</span> <span class='ocrx_word' id='word_1_597' title='bbox 1157 4163 1207 4217; x_wconf 86' lang='lat' dir='ltr'>sed</span> <span class='ocrx_word' id='word_1_598' title='bbox 1221 4179 1271 4233; x_wconf 90' lang='lat' dir='ltr'>per</span> <span class='ocrx_word' id='word_1_599' title='bbox 1290 4178 1388 4217; x_wconf 81' lang='lat' dir='ltr'>omnes</span> <span class='ocrx_word' id='word_1_600' title='bbox 1402 4161 1526 4232; x_wconf 90' lang='grc'><strong>3313333</strong></span> <span class='ocrx_word' id='word_1_601' title='bbox 1536 4161 1596 4217; x_wconf 83' lang='grc'><strong>1133</strong></span> <span class='ocrx_word' id='word_1_602' title='bbox 1609 4176 1642 4217; x_wconf 84' lang='lat' dir='ltr'>ex</span> <span class='ocrx_word' id='word_1_603' title='bbox 1656 4176 1712 4232; x_wconf 88' lang='lat' dir='ltr'>quo</span> <span class='ocrx_word' id='word_1_604' title='bbox 1726 4158 1770 4215; x_wconf 85' lang='lat' dir='ltr'>Je-</span> 
     </span>
     <span class='ocr_line' id='line_1_46' title="bbox 125 4232 1768 4305; baseline -0.002 -14"><span class='ocrx_word' id='word_1_605' title='bbox 125 4235 267 4291; x_wconf 88' lang='lat' dir='ltr'>solebat...</span> <span class='ocrx_word' id='word_1_606' title='bbox 284 4236 407 4290; x_wconf 83' lang='lat' dir='ltr'>arefacta</span> <span class='ocrx_word' id='word_1_607' title='bbox 421 4242 463 4289; x_wconf 87' lang='lat' dir='ltr'>est</span> <span class='ocrx_word' id='word_1_608' title='bbox 477 4237 545 4289; x_wconf 78' lang='lat' dir='ltr'>sicus</span> <span class='ocrx_word' id='word_1_609' title='bbox 555 4236 688 4290; x_wconf 87' lang='lat' dir='ltr'>radicitus</span> <span class='ocrx_word' id='word_1_610' title='bbox 703 4242 735 4290; x_wconf 91' lang='lat' dir='ltr'>ut</span> <span class='ocrx_word' id='word_1_611' title='bbox 748 4237 928 4290; x_wconf 87' lang='lat' dir='ltr'>intimaretur</span> <span class='ocrx_word' id='word_1_612' title='bbox 967 4235 1138 4305; x_wconf 88' lang='lat' dir='ltr'>rosolymam</span> <span class='ocrx_word' id='word_1_613' title='bbox 1159 4234 1324 4288; x_wconf 88' lang='lat' dir='ltr'>ascenderat</span> <span class='ocrx_word' id='word_1_614' title='bbox 1338 4250 1427 4304; x_wconf 88' lang='lat' dir='ltr'>usque</span> <span class='ocrx_word' id='word_1_615' title='bbox 1443 4233 1479 4288; x_wconf 90' lang='lat' dir='ltr'>ad</span> <span class='ocrx_word' id='word_1_616' title='bbox 1494 4238 1607 4304; x_wconf 84' lang='lat' dir='ltr'>tempus</span> <span class='ocrx_word' id='word_1_617' title='bbox 1620 4232 1768 4304; x_wconf 84' lang='lat' dir='ltr'>passionis,</span> 
     </span>
     <span class='ocr_line' id='line_1_47' title="bbox 125 4303 1768 4377; baseline -0.002 -16"><span class='ocrx_word' id='word_1_618' title='bbox 125 4307 249 4362; x_wconf 74' lang='lat' dir='ltr'>nefanda</span> <span class='ocrx_word' id='word_1_619' title='bbox 263 4306 340 4377; x_wconf 89' lang='lat' dir='ltr'>plebs</span> <span class='ocrx_word' id='word_1_620' title='bbox 354 4324 409 4360; x_wconf 92' lang='lat' dir='ltr'>non</span> <span class='ocrx_word' id='word_1_621' title='bbox 421 4307 512 4361; x_wconf 91' lang='lat' dir='ltr'>solum</span> <span class='ocrx_word' id='word_1_622' title='bbox 528 4307 652 4360; x_wconf 90' lang='lat' dir='ltr'>humana</span> <span class='ocrx_word' id='word_1_623' title='bbox 662 4308 753 4377; x_wconf 83' lang='lat' dir='ltr'>gloria</span> <span class='ocrx_word' id='word_1_624' title='bbox 762 4308 925 4373; x_wconf 87' lang='lat' dir='ltr'>forinsecus,</span> <span class='ocrx_word' id='word_1_625' title='bbox 968 4306 1021 4359; x_wconf 89' lang='lat' dir='ltr'>hoc</span> <span class='ocrx_word' id='word_1_626' title='bbox 1039 4306 1047 4358; x_wconf 94' lang='lat' dir='ltr'>i</span> <span class='ocrx_word' id='word_1_627' title='bbox 1069 4322 1132 4359; x_wconf 90' lang='lat' dir='ltr'>sum</span> <span class='ocrx_word' id='word_1_628' title='bbox 1155 4322 1266 4376; x_wconf 91' lang='lat' dir='ltr'>semper</span> <span class='ocrx_word' id='word_1_629' title='bbox 1321 4322 1368 4359; x_wconf 90' lang='lat' dir='ltr'>ere</span> <span class='ocrx_word' id='word_1_630' title='bbox 1388 4303 1496 4358; x_wconf 89' lang='lat' dir='ltr'>solebat</span> <span class='ocrx_word' id='word_1_631' title='bbox 1518 4308 1550 4358; x_wconf 92' lang='lat' dir='ltr'>ut</span> <span class='ocrx_word' id='word_1_632' title='bbox 1570 4319 1621 4374; x_wconf 90' lang='lat' dir='ltr'>per</span> <span class='ocrx_word' id='word_1_633' title='bbox 1641 4303 1716 4357; x_wconf 89' lang='lat' dir='ltr'>diem</span> <span class='ocrx_word' id='word_1_634' title='bbox 1739 4304 1768 4357; x_wconf 93' lang='lat' dir='ltr'>in</span> 
     </span>
     <span class='ocr_line' id='line_1_48' title="bbox 124 4323 1768 4447; baseline -0.002 -15"><span class='ocrx_word' id='word_1_635' title='bbox 124 4376 222 4432; x_wconf 84' lang='lat' dir='ltr'>verum</span> <span class='ocrx_word' id='word_1_636' title='bbox 239 4378 324 4432; x_wconf 89' lang='lat' dir='ltr'>etiam</span> <span class='ocrx_word' id='word_1_637' title='bbox 339 4379 432 4433; x_wconf 90' lang='lat' dir='ltr'>divino</span> <span class='ocrx_word' id='word_1_638' title='bbox 444 4378 520 4432; x_wconf 88' lang='lat' dir='ltr'>intus</span> <span class='ocrx_word' id='word_1_639' title='bbox 532 4377 625 4431; x_wconf 86' lang='lat' dir='ltr'>lavore</span> <span class='ocrx_word' id='word_1_640' title='bbox 635 4379 761 4433; x_wconf 81' lang='lat' dir='ltr'>funditus</span> <span class='ocrx_word' id='word_1_641' title='bbox 772 4394 833 4432; x_wconf 86' lang='lat' dir='ltr'>essa</span> <span class='ocrx_word' id='word_1_642' title='bbox 843 4378 959 4447; x_wconf 82' lang='lat' dir='ltr'>desii-1)</span> <span class='ocrx_word' id='word_1_643' title='bbox 969 4323 1075 4447; x_wconf 62' lang='lat' dir='ltr'>ternpib</span> <span class='ocrx_word' id='word_1_644' title='bbox 1091 4378 1212 4439; x_wconf 89' lang='lat' dir='ltr'>doceret,</span> <span class='ocrx_word' id='word_1_645' title='bbox 1228 4377 1303 4431; x_wconf 89' lang='lat' dir='ltr'>nocti</span> <span class='ocrx_word' id='word_1_646' title='bbox 1325 4393 1357 4431; x_wconf 86' lang='lat' dir='ltr'>us</span> <span class='ocrx_word' id='word_1_647' title='bbox 1370 4392 1436 4430; x_wconf 90' lang='lat' dir='ltr'>vero</span> <span class='ocrx_word' id='word_1_648' title='bbox 1450 4376 1545 4428; x_wconf 87' lang='lat' dir='ltr'>exiens</span> <span class='ocrx_word' id='word_1_649' title='bbox 1560 4379 1719 4428; x_wconf 83' lang='lat' dir='ltr'>moraretur</span> <span class='ocrx_word' id='word_1_650' title='bbox 1738 4374 1768 4428; x_wconf 91' lang='lat' dir='ltr'>in</span> 
     </span>
     <span class='ocr_line' id='line_1_49' title="bbox 123 4446 1766 4518; baseline -0.004 -14"><span class='ocrx_word' id='word_1_651' title='bbox 123 4450 240 4504; x_wconf 88' lang='lat' dir='ltr'>tuenda.</span> <span class='ocrx_word' id='word_1_652' title='bbox 256 4452 478 4505; x_wconf 79' lang='grc'><strong>1313311331.</strong></span> <span class='ocrx_word' id='word_1_653' title='bbox 497 4451 548 4516; x_wconf 73' lang='lat' dir='ltr'>ser.</span> <span class='ocrx_word' id='word_1_654' title='bbox 571 4463 597 4502; x_wconf 90' lang='lat' dir='ltr'>v1</span> <span class='ocrx_word' id='word_1_655' title='bbox 619 4451 694 4504; x_wconf 82' lang='grc'><strong>1311.</strong></span> <span class='ocrx_word' id='word_1_656' title='bbox 717 4463 745 4503; x_wconf 90' lang='lat' dir='ltr'>1v</span> <span class='ocrx_word' id='word_1_657' title='bbox 762 4456 821 4518; x_wconf 84' lang='lat' dir='ltr'>post</span> <span class='ocrx_word' id='word_1_658' title='bbox 837 4452 925 4513; x_wconf 75' lang='lat' dir='ltr'>Perit:</span> <span class='ocrx_word' id='word_1_659' title='bbox 970 4448 1183 4513; x_wconf 88' lang='lat' dir='ltr'>monteOliveti,</span> <span class='ocrx_word' id='word_1_660' title='bbox 1196 4448 1269 4502; x_wconf 87' lang='grc'><strong>31331</strong></span> <span class='ocrx_word' id='word_1_661' title='bbox 1283 4448 1312 4501; x_wconf 92' lang='grc'>13</span> <span class='ocrx_word' id='word_1_662' title='bbox 1322 4448 1397 4502; x_wconf 87' lang='lat' dir='ltr'>Luca</span> <span class='ocrx_word' id='word_1_663' title='bbox 1405 4446 1534 4516; x_wconf 82' lang='lat' dir='ltr'>legimus.</span> <span class='ocrx_word' id='word_1_664' title='bbox 1547 4447 1651 4501; x_wconf 85' lang='grc'><strong>113133.</strong></span> <span class='ocrx_word' id='word_1_665' title='bbox 1663 4446 1766 4500; x_wconf 83' lang='grc'><strong>13311.</strong></span> 
     </span>
     <span class='ocr_line' id='line_1_50' title="bbox 124 4520 1413 4587; baseline -0.004 -12"><span class='ocrx_word' id='word_1_666' title='bbox 124 4523 356 4584; x_wconf 62' lang='lat' dir='ltr'>Praeteritum,</span> <span class='ocrx_word' id='word_1_667' title='bbox 374 4523 433 4573; x_wconf 83' lang='lat' dir='ltr'>ibid</span> <span class='ocrx_word' id='word_1_668' title='bbox 969 4522 1012 4587; x_wconf 79' lang='lat' dir='ltr'>fer</span> <span class='ocrx_word' id='word_1_669' title='bbox 1039 4533 1068 4573; x_wconf 89' lang='lat' dir='ltr'>v1</span> <span class='ocrx_word' id='word_1_670' title='bbox 1082 4520 1249 4573; x_wconf 71' lang='grc'><strong>1313133311</strong></span> <span class='ocrx_word' id='word_1_671' title='bbox 1262 4523 1321 4587; x_wconf 84' lang='lat' dir='ltr'>pusi</span> <span class='ocrx_word' id='word_1_672' title='bbox 1336 4520 1413 4572; x_wconf 78' lang='lat' dir='ltr'>Perit.</span> 
     </span>
    </p>

    <p class='ocr_par' dir='ltr' id='par_1_5' title="bbox 124 4586 1770 5440">
     <span class='ocr_line' id='line_1_51' title="bbox 159 4586 1769 4662; baseline -0.002 -16"><span class='ocrx_word' id='word_1_673' title='bbox 159 4602 173 4631; x_wconf 80' lang='lat'><strong>¹</strong></span> <span class='ocrx_word' id='word_1_674' title='bbox 185 4592 283 4646; x_wconf 87' lang='lat' dir='ltr'>Solent</span> <span class='ocrx_word' id='word_1_675' title='bbox 291 4592 421 4662; x_wconf 80' lang='lat' dir='ltr'>gentiles,</span> <span class='ocrx_word' id='word_1_676' title='bbox 434 4591 482 4661; x_wconf 91' lang='lat' dir='ltr'>qui</span> <span class='ocrx_word' id='word_1_677' title='bbox 497 4597 596 4644; x_wconf 83' lang='lat' dir='ltr'>contra</span> <span class='ocrx_word' id='word_1_678' title='bbox 609 4591 761 4646; x_wconf 85' lang='lat' dir='ltr'>Ecclesiam</span> <span class='ocrx_word' id='word_1_679' title='bbox 778 4592 928 4647; x_wconf 86' lang='lat' dir='ltr'>maledieta</span> <span class='ocrx_word' id='word_1_680' title='bbox 1004 4590 1173 4645; x_wconf 68' lang='lat' dir='ltr'>dilianator</span> <span class='ocrx_word' id='word_1_681' title='bbox 1186 4604 1330 4644; x_wconf 76' lang='lat' dir='ltr'>caruomua</span> <span class='ocrx_word' id='word_1_682' title='bbox 1344 4588 1482 4655; x_wconf 83' lang='lat' dir='ltr'>Christus,</span> <span class='ocrx_word' id='word_1_683' title='bbox 1499 4591 1532 4641; x_wconf 91' lang='lat' dir='ltr'>ui</span> <span class='ocrx_word' id='word_1_684' title='bbox 1547 4586 1630 4653; x_wconf 85' lang='lat' dir='ltr'>inira,</span> <span class='ocrx_word' id='word_1_685' title='bbox 1651 4601 1685 4642; x_wconf 84' lang='lat' dir='ltr'>ex</span> <span class='ocrx_word' id='word_1_686' title='bbox 1699 4590 1769 4642; x_wconf 83' lang='grc'><strong>3113·</strong></span> 
     </span>
     <span class='ocr_line' id='line_1_52' title="bbox 124 4662 1181 4734; baseline -0.003 -18"><span class='ocrx_word' id='word_1_687' title='bbox 124 4663 264 4733; x_wconf 87' lang='lat' dir='ltr'>scripsere</span> <span class='ocrx_word' id='word_1_688' title='bbox 275 4666 576 4728; x_wconf 63' lang='lat' dir='ltr'>(delicatissimarum,</span> <span class='ocrx_word' id='word_1_689' title='bbox 588 4662 928 4734; x_wconf 74' lang='lat' dir='ltr'>Porphyriust,imprope·</span> <span class='ocrx_word' id='word_1_690' title='bbox 967 4664 1053 4729; x_wconf 75' lang='lat' dir='ltr'>pariis</span> <span class='ocrx_word' id='word_1_691' title='bbox 1067 4663 1181 4717; x_wconf 82' lang='grc'><strong>1131331.</strong></span> 
     </span>
     <span class='ocr_line' id='line_1_53' title="bbox 124 4729 1769 4813; baseline -0.002 -26"><span class='ocrx_word' id='word_1_692' title='bbox 124 4751 191 4788; x_wconf 85' lang='lat' dir='ltr'>rere</span> <span class='ocrx_word' id='word_1_693' title='bbox 201 4733 314 4799; x_wconf 87' lang='lat' dir='ltr'>nostris,</span> <span class='ocrx_word' id='word_1_694' title='bbox 325 4734 399 4805; x_wconf 92' lang='lat' dir='ltr'>quod</span> <span class='ocrx_word' id='word_1_695' title='bbox 410 4751 465 4788; x_wconf 91' lang='lat' dir='ltr'>non</span> <span class='ocrx_word' id='word_1_696' title='bbox 473 4733 623 4787; x_wconf 90' lang='lat' dir='ltr'>habuerint</span> <span class='ocrx_word' id='word_1_697' title='bbox 637 4734 748 4804; x_wconf 85' lang='lat' dir='ltr'>plenam</span> <span class='ocrx_word' id='word_1_698' title='bbox 762 4734 850 4788; x_wconf 87' lang='lat' dir='ltr'>iidem</span> <span class='ocrx_word' id='word_1_699' title='bbox 864 4735 925 4798; x_wconf 90' lang='lat' dir='ltr'>Dei,</span> <span class='ocrx_word' id='word_1_700' title='bbox 1004 4745 1016 4775; x_wconf 78' lang='lat'><strong>⁰</strong></span> <span class='ocrx_word' id='word_1_701' title='bbox 1029 4730 1152 4813; x_wconf 87' lang='lat' dir='ltr'>Reliquit</span> <span class='ocrx_word' id='word_1_702' title='bbox 1171 4731 1339 4796; x_wconf 84' lang='lat' dir='ltr'>incredulos,</span> <span class='ocrx_word' id='word_1_703' title='bbox 1357 4735 1386 4786; x_wconf 85' lang='lat' dir='ltr'>et</span> <span class='ocrx_word' id='word_1_704' title='bbox 1399 4729 1468 4785; x_wconf 90' lang='lat' dir='ltr'>urbe</span> <span class='ocrx_word' id='word_1_705' title='bbox 1482 4744 1610 4812; x_wconf 58' lang='grc'><strong>33333333</strong></span> <span class='ocrx_word' id='word_1_706' title='bbox 1630 4729 1769 4784; x_wconf 64' lang='lat' dir='ltr'>contradi⁴</span> 
     </span>
     <span class='ocr_line' id='line_1_54' title="bbox 125 4801 1768 4877; baseline -0.003 -18"><span class='ocrx_word' id='word_1_707' title='bbox 125 4805 194 4877; x_wconf 89' lang='lat' dir='ltr'>quia</span> <span class='ocrx_word' id='word_1_708' title='bbox 207 4821 352 4875; x_wconf 90' lang='lat' dir='ltr'>nunquam</span> <span class='ocrx_word' id='word_1_709' title='bbox 366 4811 476 4859; x_wconf 82' lang='lat' dir='ltr'>montes</span> <span class='ocrx_word' id='word_1_710' title='bbox 484 4805 636 4858; x_wconf 90' lang='lat' dir='ltr'>translerre</span> <span class='ocrx_word' id='word_1_711' title='bbox 652 4806 812 4876; x_wconf 77' lang='lat' dir='ltr'>potuerint3</span> <span class='ocrx_word' id='word_1_712' title='bbox 826 4805 927 4876; x_wconf 88' lang='lat' dir='ltr'>quibus</span> <span class='ocrx_word' id='word_1_713' title='bbox 968 4803 1091 4858; x_wconf 89' lang='lat' dir='ltr'>centium</span> <span class='ocrx_word' id='word_1_714' title='bbox 1106 4803 1156 4856; x_wconf 80' lang='lat' dir='ltr'>ivit</span> <span class='ocrx_word' id='word_1_715' title='bbox 1169 4802 1199 4857; x_wconf 90' lang='lat' dir='ltr'>in</span> <span class='ocrx_word' id='word_1_716' title='bbox 1217 4801 1391 4864; x_wconf 86' lang='lat' dir='ltr'>Bethaniam,</span> <span class='ocrx_word' id='word_1_717' title='bbox 1412 4801 1486 4872; x_wconf 90' lang='lat' dir='ltr'>quod</span> <span class='ocrx_word' id='word_1_718' title='bbox 1501 4806 1704 4872; x_wconf 79' lang='lat' dir='ltr'>interpretatur</span> <span class='ocrx_word' id='word_1_719' title='bbox 1720 4803 1768 4853; x_wconf 82' lang='lat' dir='ltr'>dc-</span> 
     </span>
     <span class='ocr_line' id='line_1_55' title="bbox 125 4872 1770 4947; baseline -0.002 -17"><span class='ocrx_word' id='word_1_720' title='bbox 125 4877 387 4946; x_wconf 88' lang='lat' dir='ltr'>respondendum...</span> <span class='ocrx_word' id='word_1_721' title='bbox 412 4881 441 4930; x_wconf 89' lang='lat' dir='ltr'>et</span> <span class='ocrx_word' id='word_1_722' title='bbox 460 4877 512 4931; x_wconf 92' lang='lat' dir='ltr'>hoc</span> <span class='ocrx_word' id='word_1_723' title='bbox 531 4892 641 4945; x_wconf 89' lang='grc'><strong>333333</strong></span> <span class='ocrx_word' id='word_1_724' title='bbox 661 4877 721 4930; x_wconf 83' lang='lat' dir='ltr'>fieri</span> <span class='ocrx_word' id='word_1_725' title='bbox 740 4877 874 4947; x_wconf 82' lang='lat' dir='ltr'>potuisse,</span> <span class='ocrx_word' id='word_1_726' title='bbox 896 4881 928 4931; x_wconf 90' lang='lat' dir='ltr'>ut</span> <span class='ocrx_word' id='word_1_727' title='bbox 968 4891 1030 4929; x_wconf 75' lang='grc'><strong>3333</strong></span> <span class='ocrx_word' id='word_1_728' title='bbox 1044 4877 1208 4940; x_wconf 78' lang='lat' dir='ltr'>obedientia,</span> <span class='ocrx_word' id='word_1_729' title='bbox 1221 4875 1281 4944; x_wconf 85' lang='lat' dir='ltr'>jam</span> <span class='ocrx_word' id='word_1_730' title='bbox 1296 4878 1364 4927; x_wconf 93' lang='lat' dir='ltr'>tunc</span> <span class='ocrx_word' id='word_1_731' title='bbox 1378 4873 1551 4927; x_wconf 90' lang='lat' dir='ltr'>vocationem</span> <span class='ocrx_word' id='word_1_732' title='bbox 1560 4872 1689 4941; x_wconf 82' lang='lat' dir='ltr'>gentium</span> <span class='ocrx_word' id='word_1_733' title='bbox 1700 4886 1770 4942; x_wconf 75' lang='lat' dir='ltr'>praa-</span> 
     </span>
     <span class='ocr_line' id='line_1_56' title="bbox 125 4943 1768 5016; baseline -0.003 -14"><span class='ocrx_word' id='word_1_734' title='bbox 125 4964 209 5002; x_wconf 89' lang='lat' dir='ltr'>mons</span> <span class='ocrx_word' id='word_1_735' title='bbox 223 4947 333 5002; x_wconf 88' lang='lat' dir='ltr'>ablatus</span> <span class='ocrx_word' id='word_1_736' title='bbox 347 4948 382 5001; x_wconf 90' lang='lat' dir='ltr'>de</span> <span class='ocrx_word' id='word_1_737' title='bbox 397 4955 474 5002; x_wconf 83' lang='lat' dir='ltr'>tenu</span> <span class='ocrx_word' id='word_1_738' title='bbox 484 4947 643 5001; x_wconf 87' lang='lat' dir='ltr'>mitteretur</span> <span class='ocrx_word' id='word_1_739' title='bbox 657 4948 685 5001; x_wconf 91' lang='lat' dir='ltr'>in</span> <span class='ocrx_word' id='word_1_740' title='bbox 700 4965 787 5014; x_wconf 86' lang='lat' dir='ltr'>mare,</span> <span class='ocrx_word' id='word_1_741' title='bbox 800 4948 824 5001; x_wconf 87' lang='lat' dir='ltr'>si</span> <span class='ocrx_word' id='word_1_742' title='bbox 835 4964 928 5002; x_wconf 88' lang='lat' dir='ltr'>neces·</span> <span class='ocrx_word' id='word_1_743' title='bbox 969 4947 1103 5016; x_wconf 85' lang='lat' dir='ltr'>figurans,</span> <span class='ocrx_word' id='word_1_744' title='bbox 1120 4944 1215 5016; x_wconf 89' lang='lat' dir='ltr'>ibique</span> <span class='ocrx_word' id='word_1_745' title='bbox 1229 4944 1342 5008; x_wconf 86' lang='lat' dir='ltr'>mansit,</span> <span class='ocrx_word' id='word_1_746' title='bbox 1360 4944 1427 5015; x_wconf 89' lang='grc'><strong>3313</strong></span> <span class='ocrx_word' id='word_1_747' title='bbox 1447 4944 1477 4998; x_wconf 91' lang='grc'>13</span> <span class='ocrx_word' id='word_1_748' title='bbox 1499 4943 1586 4998; x_wconf 87' lang='lat' dir='ltr'>lsrael</span> <span class='ocrx_word' id='word_1_749' title='bbox 1602 4956 1768 5013; x_wconf 77' lang='lat' dir='ltr'>permanere</span> 
     </span>
     <span class='ocr_line' id='line_1_57' title="bbox 124 5014 1767 5090; baseline -0.002 -18"><span class='ocrx_word' id='word_1_750' title='bbox 124 5019 196 5072; x_wconf 87' lang='lat' dir='ltr'>sitas</span> <span class='ocrx_word' id='word_1_751' title='bbox 207 5019 236 5073; x_wconf 93' lang='lat' dir='ltr'>id</span> <span class='ocrx_word' id='word_1_752' title='bbox 248 5020 308 5073; x_wconf 85' lang='lat' dir='ltr'>fieri</span> <span class='ocrx_word' id='word_1_753' title='bbox 325 5019 505 5090; x_wconf 87' lang='lat' dir='ltr'>poposcisset.</span> <span class='ocrx_word' id='word_1_754' title='bbox 526 5019 670 5082; x_wconf 84' lang='lat' dir='ltr'>Quomodo</span> <span class='ocrx_word' id='word_1_755' title='bbox 690 5019 810 5089; x_wconf 86' lang='lat' dir='ltr'>legimus</span> <span class='ocrx_word' id='word_1_756' title='bbox 823 5020 928 5074; x_wconf 84' lang='lat' dir='ltr'>iactum</span> <span class='ocrx_word' id='word_1_757' title='bbox 970 5016 1417 5088; x_wconf 74' lang='grc'><strong>3333131311.1313311313111.,</strong></span> <span class='ocrx_word' id='word_1_758' title='bbox 1431 5032 1463 5069; x_wconf 87' lang='lat' dir='ltr'>ex</span> <span class='ocrx_word' id='word_1_759' title='bbox 1479 5015 1507 5070; x_wconf 86' lang='lat' dir='ltr'>S.</span> <span class='ocrx_word' id='word_1_760' title='bbox 1519 5015 1681 5080; x_wconf 62' lang='lat' dir='ltr'>Hieronem.</span> <span class='ocrx_word' id='word_1_761' title='bbox 1698 5014 1767 5069; x_wconf 86' lang='lat' dir='ltr'>ibid.</span> 
     </span>
     <span class='ocr_line' id='line_1_58' title="bbox 125 5086 1767 5162; baseline -0.003 -19"><span class='ocrx_word' id='word_1_762' title='bbox 125 5090 258 5162; x_wconf 88' lang='lat' dir='ltr'>precibus</span> <span class='ocrx_word' id='word_1_763' title='bbox 277 5089 352 5144; x_wconf 88' lang='lat' dir='ltr'>beati</span> <span class='ocrx_word' id='word_1_764' title='bbox 373 5091 461 5160; x_wconf 90' lang='lat' dir='ltr'>patris</span> <span class='ocrx_word' id='word_1_765' title='bbox 482 5086 619 5158; x_wconf 78' lang='lat' dir='ltr'>Gregorii,</span> <span class='ocrx_word' id='word_1_766' title='bbox 642 5090 823 5145; x_wconf 81' lang='lat' dir='ltr'>Neocaesariae</span> <span class='ocrx_word' id='word_1_767' title='bbox 847 5086 929 5145; x_wconf 87' lang='lat' dir='ltr'>Ponti</span> <span class='ocrx_word' id='word_1_768' title='bbox 969 5090 1084 5144; x_wconf 84' lang='lat' dir='ltr'>Similia</span> <span class='ocrx_word' id='word_1_769' title='bbox 1093 5089 1339 5156; x_wconf 70' lang='lat' dir='ltr'>cpudilcaimuu.</span> <span class='ocrx_word' id='word_1_770' title='bbox 1353 5087 1391 5140; x_wconf 87' lang='lat' dir='ltr'>Ex</span> <span class='ocrx_word' id='word_1_771' title='bbox 1403 5089 1471 5140; x_wconf 84' lang='lat' dir='ltr'>lledo</span> <span class='ocrx_word' id='word_1_772' title='bbox 1481 5086 1680 5140; x_wconf 82' lang='lat' dir='ltr'>Hebraioorum</span> <span class='ocrx_word' id='word_1_773' title='bbox 1692 5100 1767 5138; x_wconf 83' lang='lat' dir='ltr'>nom.</span> 
     </span>
     <span class='ocr_line' id='line_1_59' title="bbox 126 5160 1143 5227; baseline -0.004 -12"><span class='ocrx_word' id='word_1_774' title='bbox 126 5161 274 5226; x_wconf 87' lang='lat' dir='ltr'>antistitis,</span> <span class='ocrx_word' id='word_1_775' title='bbox 290 5162 349 5225; x_wconf 90' lang='lat' dir='ltr'>viri,</span> <span class='ocrx_word' id='word_1_776' title='bbox 363 5161 472 5214; x_wconf 90' lang='lat' dir='ltr'>meritis</span> <span class='ocrx_word' id='word_1_777' title='bbox 487 5167 515 5215; x_wconf 88' lang='lat' dir='ltr'>et</span> <span class='ocrx_word' id='word_1_778' title='bbox 526 5160 673 5215; x_wconf 86' lang='lat' dir='ltr'>virtutibus</span> <span class='ocrx_word' id='word_1_779' title='bbox 686 5161 789 5227; x_wconf 78' lang='lat' dir='ltr'>eximii,</span> <span class='ocrx_word' id='word_1_780' title='bbox 806 5168 838 5216; x_wconf 95' lang='lat' dir='ltr'>ut</span> <span class='ocrx_word' id='word_1_781' title='bbox 848 5174 929 5215; x_wconf 87' lang='lat' dir='ltr'>mons</span> <span class='ocrx_word' id='word_1_782' title='bbox 970 5163 1143 5226; x_wconf 80' lang='lat' dir='ltr'>interp-reici.</span> 
     </span>
     <span class='ocr_line' id='line_1_60' title="bbox 125 5225 1769 5302; baseline -0.003 -15"><span class='ocrx_word' id='word_1_783' title='bbox 125 5234 156 5287; x_wconf 91' lang='lat' dir='ltr'>in</span> <span class='ocrx_word' id='word_1_784' title='bbox 167 5239 244 5287; x_wconf 87' lang='lat' dir='ltr'>terra</span> <span class='ocrx_word' id='word_1_785' title='bbox 258 5238 369 5286; x_wconf 87' lang='lat' dir='ltr'>tantum</span> <span class='ocrx_word' id='word_1_786' title='bbox 381 5232 441 5286; x_wconf 90' lang='lat' dir='ltr'>loco</span> <span class='ocrx_word' id='word_1_787' title='bbox 459 5233 578 5295; x_wconf 85' lang='lat' dir='ltr'>cederet,</span> <span class='ocrx_word' id='word_1_788' title='bbox 598 5239 734 5302; x_wconf 88' lang='lat' dir='ltr'>quantum</span> <span class='ocrx_word' id='word_1_789' title='bbox 750 5233 846 5287; x_wconf 76' lang='lat' dir='ltr'>incola</span> <span class='ocrx_word' id='word_1_790' title='bbox 861 5233 928 5285; x_wconf 81' lang='lat' dir='ltr'>ciri·</span> <span class='ocrx_word' id='word_1_791' title='bbox 1005 5229 1014 5270; x_wconf 77' lang='lat' dir='ltr'>l</span> <span class='ocrx_word' id='word_1_792' title='bbox 1028 5226 1135 5283; x_wconf 88' lang='lat' dir='ltr'>Pilatus</span> <span class='ocrx_word' id='word_1_793' title='bbox 1149 5230 1252 5283; x_wconf 86' lang='lat' dir='ltr'>multas</span> <span class='ocrx_word' id='word_1_794' title='bbox 1265 5227 1403 5283; x_wconf 88' lang='lat' dir='ltr'>liberandi</span> <span class='ocrx_word' id='word_1_795' title='bbox 1418 5227 1590 5283; x_wconf 86' lang='lat' dir='ltr'>Salvatorem</span> <span class='ocrx_word' id='word_1_796' title='bbox 1610 5225 1769 5282; x_wconf 78' lang='lat' dir='ltr'>occasiones</span> 
     </span>
     <span class='ocr_line' id='line_1_61' title="bbox 125 5297 1769 5373; baseline -0.003 -15"><span class='ocrx_word' id='word_1_797' title='bbox 125 5303 195 5358; x_wconf 86' lang='grc'><strong>13113</strong></span> <span class='ocrx_word' id='word_1_798' title='bbox 209 5304 440 5373; x_wconf 88' lang='lat' dir='ltr'>opushabebaut.</span> <span class='ocrx_word' id='word_1_799' title='bbox 457 5306 564 5358; x_wconf 78' lang='lat' dir='ltr'>liuberti</span> <span class='ocrx_word' id='word_1_800' title='bbox 575 5306 605 5358; x_wconf 86' lang='lat' dir='ltr'>in</span> <span class='ocrx_word' id='word_1_801' title='bbox 617 5305 726 5369; x_wconf 75' lang='grc'><strong>131113,</strong></span> <span class='ocrx_word' id='word_1_802' title='bbox 744 5307 810 5358; x_wconf 80' lang='lat' dir='ltr'>ibid.</span> <span class='ocrx_word' id='word_1_803' title='bbox 825 5303 853 5358; x_wconf 85' lang='lat' dir='ltr'>S.</span> <span class='ocrx_word' id='word_1_804' title='bbox 868 5306 930 5358; x_wconf 82' lang='lat' dir='ltr'>llic·</span> <span class='ocrx_word' id='word_1_805' title='bbox 971 5301 1057 5355; x_wconf 91' lang='lat' dir='ltr'>dedit.</span> <span class='ocrx_word' id='word_1_806' title='bbox 1080 5301 1205 5354; x_wconf 88' lang='lat' dir='ltr'>Primum</span> <span class='ocrx_word' id='word_1_807' title='bbox 1228 5301 1367 5355; x_wconf 70' lang='lat' dir='ltr'>lamonem</span> <span class='ocrx_word' id='word_1_808' title='bbox 1385 5301 1462 5370; x_wconf 83' lang='lat' dir='ltr'>justo</span> <span class='ocrx_word' id='word_1_809' title='bbox 1487 5297 1642 5361; x_wconf 77' lang='lat' dir='ltr'>conferens,</span> <span class='ocrx_word' id='word_1_810' title='bbox 1667 5297 1769 5353; x_wconf 83' lang='lat' dir='ltr'>deinde</span> 
     </span>
     <span class='ocr_line' id='line_1_62' title="bbox 127 5369 1769 5440; baseline -0.002 -12"><span class='ocrx_word' id='word_1_811' title='bbox 127 5389 243 5440; x_wconf 71' lang='lat' dir='ltr'>ronam.</span> <span class='ocrx_word' id='word_1_812' title='bbox 256 5378 288 5428; x_wconf 85' lang='lat' dir='ltr'>in</span> <span class='ocrx_word' id='word_1_813' title='bbox 303 5374 400 5429; x_wconf 83' lang='grc'><strong>113111.</strong></span> <span class='ocrx_word' id='word_1_814' title='bbox 972 5372 1107 5426; x_wconf 83' lang='lat' dir='ltr'>inserens:</span> <span class='ocrx_word' id='word_1_815' title='bbox 1121 5369 1191 5438; x_wconf 82' lang='lat' dir='ltr'>Ouid</span> <span class='ocrx_word' id='word_1_816' title='bbox 1207 5374 1297 5438; x_wconf 77' lang='grc'><strong>131133</strong></span> <span class='ocrx_word' id='word_1_817' title='bbox 1310 5373 1415 5438; x_wconf 68' lang='lat' dir='ltr'>fadum</span> <span class='ocrx_word' id='word_1_818' title='bbox 1430 5372 1462 5425; x_wconf 75' lang='lat' dir='ltr'>de</span> <span class='ocrx_word' id='word_1_819' title='bbox 1474 5371 1537 5424; x_wconf 77' lang='lat' dir='ltr'>lesu</span> <span class='ocrx_word' id='word_1_820' title='bbox 1553 5369 1596 5423; x_wconf 84' lang='lat'>..1</span> <span class='ocrx_word' id='word_1_821' title='bbox 1657 5378 1712 5439; x_wconf 88' lang='lat' dir='ltr'>quo</span> <span class='ocrx_word' id='word_1_822' title='bbox 1733 5385 1769 5425; x_wconf 86' lang='lat' dir='ltr'>ua</span> 
     </span>
    </p>

    <p class='ocr_par' dir='ltr' id='par_1_6' title="bbox 128 5440 1771 5728">
     <span class='ocr_line' id='line_1_63' title="bbox 164 5440 1771 5514; baseline -0.002 -16"><span class='ocrx_word' id='word_1_823' title='bbox 164 5443 221 5498; x_wconf 80' lang='lat' dir='ltr'>blit</span> <span class='ocrx_word' id='word_1_824' title='bbox 237 5447 393 5512; x_wconf 71' lang='grc'><strong>[33133331</strong></span> <span class='ocrx_word' id='word_1_825' title='bbox 409 5451 696 5500; x_wconf 74' lang='grc'><strong>33333333133333331</strong></span> <span class='ocrx_word' id='word_1_826' title='bbox 710 5449 930 5499; x_wconf 80' lang='lat' dir='ltr'>iesussermones</span> <span class='ocrx_word' id='word_1_827' title='bbox 972 5443 1322 5514; x_wconf 82' lang='lat' dir='ltr'>respondens:(luidenim</span> <span class='ocrx_word' id='word_1_828' title='bbox 1333 5446 1403 5497; x_wconf 82' lang='lat' dir='ltr'>mati</span> <span class='ocrx_word' id='word_1_829' title='bbox 1418 5443 1499 5510; x_wconf 77' lang='grc'><strong>133111</strong></span> <span class='ocrx_word' id='word_1_830' title='bbox 1515 5441 1574 5495; x_wconf 86' lang='lat' dir='ltr'>Hoc</span> <span class='ocrx_word' id='word_1_831' title='bbox 1609 5440 1708 5496; x_wconf 87' lang='lat' dir='ltr'>icendu</span> <span class='ocrx_word' id='word_1_832' title='bbox 1751 5441 1771 5482; x_wconf 88' lang='lat'>&#39;-</span> 
     </span>
     <span class='ocr_line' id='line_1_64' title="bbox 128 5512 1771 5587; baseline -0.001 -17"><span class='ocrx_word' id='word_1_833' title='bbox 128 5517 177 5570; x_wconf 80' lang='lat' dir='ltr'>hor</span> <span class='ocrx_word' id='word_1_834' title='bbox 191 5533 293 5571; x_wconf 78' lang='grc'><strong>33333.</strong></span> <span class='ocrx_word' id='word_1_835' title='bbox 311 5516 422 5571; x_wconf 81' lang='lat' dir='ltr'>Scilicet</span> <span class='ocrx_word' id='word_1_836' title='bbox 436 5533 506 5587; x_wconf 88' lang='lat' dir='ltr'>quos</span> <span class='ocrx_word' id='word_1_837' title='bbox 522 5517 556 5570; x_wconf 91' lang='lat' dir='ltr'>de</span> <span class='ocrx_word' id='word_1_838' title='bbox 570 5516 811 5570; x_wconf 84' lang='lat' dir='ltr'>consummatione</span> <span class='ocrx_word' id='word_1_839' title='bbox 821 5516 928 5581; x_wconf 87' lang='lat' dir='ltr'>mundi,</span> <span class='ocrx_word' id='word_1_840' title='bbox 972 5515 1046 5568; x_wconf 86' lang='lat' dir='ltr'>latus</span> <span class='ocrx_word' id='word_1_841' title='bbox 1061 5513 1315 5569; x_wconf 83' lang='lat' dir='ltr'>absolvitlesum...</span> <span class='ocrx_word' id='word_1_842' title='bbox 1325 5513 1434 5569; x_wconf 82' lang='lat' dir='ltr'>Pilatus</span> <span class='ocrx_word' id='word_1_843' title='bbox 1444 5512 1693 5584; x_wconf 82' lang='lat' dir='ltr'>accepiiaquam...</span> <span class='ocrx_word' id='word_1_844' title='bbox 1703 5522 1771 5583; x_wconf 81' lang='lat' dir='ltr'>quo-</span> 
     </span>
     <span class='ocr_line' id='line_1_65' title="bbox 128 5580 1769 5660; baseline -0.001 -21"><span class='ocrx_word' id='word_1_845' title='bbox 128 5587 172 5640; x_wconf 85' lang='lat' dir='ltr'>vel</span> <span class='ocrx_word' id='word_1_846' title='bbox 188 5580 223 5641; x_wconf 83' lang='lat' dir='ltr'>de</span> <span class='ocrx_word' id='word_1_847' title='bbox 235 5587 403 5643; x_wconf 87' lang='lat' dir='ltr'>discretione</span> <span class='ocrx_word' id='word_1_848' title='bbox 420 5587 518 5658; x_wconf 88' lang='lat' dir='ltr'>judicii</span> <span class='ocrx_word' id='word_1_849' title='bbox 543 5586 732 5660; x_wconf 83' lang='lat' dir='ltr'>proterebat...</span> <span class='ocrx_word' id='word_1_850' title='bbox 755 5587 931 5658; x_wconf 78' lang='grc'><strong>3331133313</strong></span> <span class='ocrx_word' id='word_1_851' title='bbox 972 5585 1292 5640; x_wconf 85' lang='lat' dir='ltr'>dammodocontestaas</span> <span class='ocrx_word' id='word_1_852' title='bbox 1307 5589 1336 5639; x_wconf 88' lang='lat' dir='ltr'>et</span> <span class='ocrx_word' id='word_1_853' title='bbox 1348 5585 1444 5641; x_wconf 85' lang='lat' dir='ltr'>diceas</span> <span class='ocrx_word' id='word_1_854' title='bbox 1459 5602 1465 5637; x_wconf 92' lang='lat'>:</span> <span class='ocrx_word' id='word_1_855' title='bbox 1481 5582 1540 5657; x_wconf 77' lang='lat' dir='ltr'>ligo</span> <span class='ocrx_word' id='word_1_856' title='bbox 1559 5584 1673 5656; x_wconf 82' lang='lat' dir='ltr'>quidam</span> <span class='ocrx_word' id='word_1_857' title='bbox 1687 5584 1769 5638; x_wconf 77' lang='lat' dir='ltr'>inno·</span> 
     </span>
     <span class='ocr_line' id='line_1_66' title="bbox 128 5652 1770 5728; baseline -0.002 -16"><span class='ocrx_word' id='word_1_858' title='bbox 128 5658 329 5728; x_wconf 87' lang='lat' dir='ltr'>compleverat.</span> <span class='ocrx_word' id='word_1_859' title='bbox 343 5660 425 5715; x_wconf 81' lang='grc'><strong>1333</strong></span> <span class='ocrx_word' id='word_1_860' title='bbox 438 5661 511 5714; x_wconf 79' lang='lat' dir='ltr'>dicit</span> <span class='ocrx_word' id='word_1_861' title='bbox 525 5661 668 5727; x_wconf 77' lang='lat' dir='ltr'>discipulis</span> <span class='ocrx_word' id='word_1_862' title='bbox 682 5661 740 5712; x_wconf 83' lang='lat' dir='ltr'>suis</span> <span class='ocrx_word' id='word_1_863' title='bbox 752 5659 852 5715; x_wconf 82' lang='lat' dir='ltr'>:Scitis</span> <span class='ocrx_word' id='word_1_864' title='bbox 864 5661 931 5728; x_wconf 83' lang='lat' dir='ltr'>quin</span> <span class='ocrx_word' id='word_1_865' title='bbox 973 5662 1085 5711; x_wconf 89' lang='lat' dir='ltr'>centem</span> <span class='ocrx_word' id='word_1_866' title='bbox 1099 5656 1175 5712; x_wconf 92' lang='lat' dir='ltr'>volui</span> <span class='ocrx_word' id='word_1_867' title='bbox 1190 5655 1342 5712; x_wconf 88' lang='lat' dir='ltr'>liberare...</span> <span class='ocrx_word' id='word_1_868' title='bbox 1358 5673 1414 5712; x_wconf 90' lang='lat' dir='ltr'>non</span> <span class='ocrx_word' id='word_1_869' title='bbox 1436 5657 1553 5712; x_wconf 87' lang='lat' dir='ltr'>damnat</span> <span class='ocrx_word' id='word_1_870' title='bbox 1573 5652 1698 5711; x_wconf 87' lang='lat' dir='ltr'>oblatum</span> <span class='ocrx_word' id='word_1_871' title='bbox 1721 5653 1770 5707; x_wconf 85' lang='lat' dir='ltr'>sed</span> 
     </span>
    </p>
   </div>
   <div class='ocr_carea' id='block_1_5' title="bbox 1275 3953 1282 3974">
    <p class='ocr_par' dir='ltr' id='par_1_7' title="bbox 1275 3953 1282 3974">
     <span class='ocr_line' id='line_1_67' title="bbox 1275 3953 1282 3974; baseline 0 0"><span class='ocrx_word' id='word_1_872' title='bbox 1275 3953 1282 3974; x_wconf 71' lang='lat' dir='ltr'>i</span> 
     </span>
    </p>
   </div>
   <div class='ocr_carea' id='block_1_6' title="bbox 0 0 1905 6116">
    <p class='ocr_par' dir='ltr' id='par_1_8' title="bbox 0 0 1905 6116">
     <span class='ocr_line' id='line_1_68' title="bbox 0 0 1905 6116; baseline 0 0"><span class='ocrx_word' id='word_1_873' title='bbox 0 0 1905 6116; x_wconf 95' lang='lat' dir='ltr'> </span> 
     </span>
    </p>
   </div>
  </div>
 </body>
</html>
