3772 6120
126 310 179 368 aas
313 384 324 401 ·
392 286 410 295 ‘
425 308 456 362 a.
478 307 613 363 nanim
632 307 748 362 unum
766 306 935 389 lacman.
956 304 1118 360 uocum.
1139 305 1289 362 orsam
1308 307 1400 363 PAlts
1419 306 1469 363 m.

129 435 203 506 quod
219 434 255 488 ad
266 449 354 487 unum
368 430 500 493 scribens,
514 437 542 485 et
556 432 630 484 hunc
651 432 818 503 discipulum
829 437 858 485 et
871 448 926 485 non
938 431 958 488 Α
968 429 1052 500 lispcr
1071 431 1283 484 necessitatibus
1305 431 1467 485 sortiamus
1491 452 1503 482 «
1519 433 1624 499 Nolite,
1642 451 1657 487 a

128 523 198 578 adeo
207 523 361 594 egregium,
369 520 403 574 de
418 526 477 575 tam
492 521 544 575 leti
559 522 671 591 negotio
685 521 837 592 quodcum
848 528 928 574 tama
968 519 1126 589 Apostolus,
1145 544 1157 569 l
1174 521 1340 574 contristare
1356 520 1491 591 Spiritum
1510 506 1670 589 sanctum,‘i

129 613 289 667 humilitate
300 611 397 666 secisse
411 611 530 676 ridetur,
548 610 583 664 de
595 610 650 664 illis
666 610 692 664 ei
707 611 846 681 imperare
860 627 928 681 quo-
969 606 1071 676 signati
1083 607 1149 662 estis
1159 609 1188 662 in
1197 609 1242 663 dio
1252 609 1453 681 redemptionis
1465 611 1570 679 (Epiros.
1583 613 1670 679 relat

128 719 193 756 rum
203 706 327 773 potestas
340 717 425 773 penes
440 700 520 754 illum
531 699 753 755 essevidebatur.
767 699 926 768 (Πίον.)οιιί
969 694 1670 772 operibusSpiritussenctusconstristeturprophet

129 791 230 846 nolunt
245 791 320 845 iuter
343 790 481 862 Epistolas
497 789 577 844 Pauli
591 805 654 843 eam
668 788 793 861 recipere
807 806 869 859 qma
892 788 927 842 ad
968 792 1116 852 memorat,
1141 788 1237 841 multis
1254 788 1283 841 in
1298 788 1426 841 ordinem
1444 789 1520 843 ritiis
1534 791 1670 863 peccatisc

129 878 323 934 Philemonem
332 877 473 945 scribitur,
482 877 562 933 aiunt
568 894 624 932 non
630 894 742 948 semper
750 877 925 950 Apostolum,
967 874 1064 944 gestis,
1080 875 1116 928 ad
1130 881 1287 931 extremum
1301 876 1398 930 infert:
1413 898 1424 928 u
1436 879 1467 931 ln
1482 877 1613 934 omnibus
1628 879 1670 934 isti

129 968 285 1023 necomnia
299 968 411 1023 Christo
426 968 498 1022 inse
514 967 646 1038 loquente
662 967 775 1034 dixisse,
800 967 926 1038 quiane·
967 962 1100 1018 tristabas
1128 982 1172 1018 me
1200 968 1264 1032 (ter.
1290 968 1355 1035 tun).
1375 986 1387 1015 n
1412 966 1545 1038 Alioquin
1558 968 1670 1023 calicem

129 1075 184 1131 que
199 1057 325 1114 humana
339 1056 515 1111 imbecillitas
527 1072 615 1111 unum
629 1061 757 1111 tenorem
766 1056 855 1110 sancti
867 1056 927 1127 Spi·
968 1051 1076 1121 frigida.
1091 1054 1243 1124 porrigere.
1260 1055 1344 1124 pedes
1360 1055 1463 1117 lavare,
1479 1055 1628 1113 immolare
1639 1057 1670 1112 vii

129 1148 201 1202 ritus
215 1146 287 1201 serre
300 1146 446 1218 potuisset,
463 1161 554 1216 neque
563 1145 648 1215 hujus
661 1144 817 1215 corpusculi
833 1161 927 1198 neces·
968 1141 1117 1211 prandium
1130 1160 1296 1213 praeparare,
1310 1152 1455 1215 peccatum
1467 1145 1513 1212 sit,
1524 1163 1589 1200 cum
1603 1146 1670 1202 sciat

129 1236 198 1291 sitas
212 1235 264 1290 sub
284 1234 434 1308 prasentia
456 1250 567 1305 semper
587 1233 700 1288 Domini
728 1234 924 1305 compleretur,
968 1229 1011 1282 his
1025 1230 1109 1284 rebus
1123 1232 1151 1284 in
1167 1232 1217 1287 Dei
1232 1233 1369 1303 quosdam
1383 1233 1453 1287 filios
1468 1234 1616 1306 adoptari?
1631 1236 1670 1291 Se

128 1326 206 1380 velut
219 1325 368 1396 disponere
374 1323 533 1394 prandium,
546 1322 639 1377 cibum
649 1323 926 1394 capere,esurire,sa-
967 1318 1105 1385 ridentur,
1113 1320 1181 1373 dum
1191 1310 1339 1391 epistolam
1349 1323 1537 1393 simplicitatis
1548 1330 1670 1394 arguunt

128 1415 205 1481 tiari,
216 1414 326 1486 ingesta
346 1413 484 1483 digerere,
495 1413 630 1467 exhausta
657 1414 807 1484 complere.
837 1414 927 1466 Taceo
968 1407 1138 1478 imperitiam
1151 1410 1278 1480 prodere,
1291 1427 1347 1464 non
1363 1411 1551 1482 intelligentes
1560 1412 1670 1484 quidin

127 1503 347 1577 decaeterisquae
360 1500 785 1573 exquisiteetcoactareplieant,
801 1508 834 1555 ut
848 1502 927 1556 affir·
969 1495 1003 1548 lis
1022 1498 1198 1552 sermonibus
1213 1499 1325 1553 virtutis
1350 1506 1378 1553 et
1401 1501 1544 1572 sapientiae
1564 1503 1654 1558 lateat

129 1596 209 1648 ment
223 1591 309 1647 tuisse
319 1590 432 1662 aliquod
454 1595 576 1663 tempus,
592 1591 687 1661 inquo
703 1591 807 1645 Paulus
834 1590 927 1645 dicere
969 1584 1113 1640 orantibus
1129 1588 1214 1653 robis,
1224 1596 1252 1641 ct
1268 1588 1328 1659 ipso
1344 1589 1423 1643 nobis
1439 1590 1545 1660 Spiritu
1561 1598 1661 1647 sancto

128 1698 186 1736 non
199 1681 333 1736 auderet:
348 1679 441 1733 «Viro
452 1695 507 1733 non
515 1680 575 1749 jam
585 1695 647 1750 ego,
656 1679 723 1733 vivit
733 1684 827 1733 autem
839 1680 868 1732 in
882 1697 927 1734 me
968 1679 1057 1740 rente,
1067 1692 1122 1746 quo
1134 1677 1238 1747 scripta
1253 1683 1328 1741 sunt,
1345 1678 1404 1732 suis
1420 1679 1487 1732 locis
1501 1680 1670 1750 explanaret

129 1769 365 1832 Christustdatot.
381 1774 410 1838 11)
423 1788 429 1834 ;
449 1788 461 1820 s
474 1774 503 1822 et
517 1768 602 1823 illud:
614 1789 625 1819 ι
644 1769 688 1822 An
704 1768 926 1839 experimentum
936 1749 958 1808 Β
969 1778 1041 1815 mur.
1050 1763 1183 1818 Siautem
1194 1765 1314 1819 brevitas
1324 1766 1445 1820 habetur
1454 1769 1670 1840 contemptui‚o

129 1858 254 1932 quaeritis
277 1859 339 1928 ejus
353 1857 440 1929 quiin
458 1873 503 1911 me
532 1856 665 1927 loquitur,
688 1857 817 1912 Christus
831 1859 856 1924 (Ι
866 1859 926 1912 (ior,
969 1856 1054 1905 natur
1068 1852 1181 1920 abdias,
1202 1855 1305 1915 Naum,
1327 1856 1492 1926 Soplionias,
1509 1865 1537 1912 ct
1559 1858 1607 1912 alii
1623 1858 1670 1914 dut

128 1950 186 2016 xurt
195 1948 229 2003 t»
241 1947 340 2014 Quale,
354 1945 496 2019 inquiunt,
519 1945 741 2018 experimentum
756 1945 870 2013 Christi,
886 1953 929 2000 est
969 1940 1216 2012 prophetarumin
1228 1944 1328 2014 quibus
1338 1950 1397 1998 tam
1411 1945 1559 2009 miratam
1568 1948 1670 2018 grandi

129 2037 240 2092 audire:
257 2035 417 2091 ‹Penulam
433 2051 518 2105 quam
533 2035 634 2106 reliqui
647 2034 763 2090 Troadre
773 2035 848 2106 apud
861 2034 928 2089 Car·
970 2046 1032 2098 qum
1045 2029 1183 2091 seruntur,
1202 2039 1234 2086 ut
1248 2034 1355 2087 nescias
1370 2040 1466 2087 utrum
1480 2035 1650 2112 brevitatem
1664 2056 1670 2091 ι

128 2141 196 2199 pum
207 2125 322 2179 veniens
335 2129 429 2178 tecum
443 2123 512 2177 ulier
523 2125 564 2191 (Η
579 2126 647 2177 Tira.
659 2130 699 2193 vr)
714 2142 719 2176 :
736 2144 750 2177 a
766 2128 796 2177 et
808 2123 877 2177 illud
893 2124 928 2177 ad
969 2133 1036 2171 num
1052 2119 1082 2173 in
1093 2120 1147 2174 illis
1158 2121 1291 2176 admirari
1303 2122 1414 2185 debeas,
1424 2140 1459 2177 an
1474 2125 1670 2194 magnitudine

128 2214 260 2269 Galatas:
275 2230 289 2266 c
304 2213 418 2268 Utinam
434 2218 462 2267 et
472 2212 655 2267 excindantur
673 2212 721 2283 qui
742 2230 790 2266 vos
813 2219 928 2266 contur-
969 2224 1061 2261 suum.
1088 2209 1166 2273 Quod
1189 2211 1213 2264 si
1238 2212 1426 2283 intelligerent
1453 2213 1481 2266 hi
1498 2214 1547 2284 qui
1567 2215 1671 2285 epistol

127 2303 197 2359 bant
207 2304 309 2372 (Galat,
330 2306 369 2371 v),
387 2322 399 2354 s
418 2308 447 2357 et
460 2302 489 2356 in
500 2302 553 2356 hac
566 2302 628 2374 ipsa
642 2301 768 2372 Epistola
784 2321 789 2355 ;
808 2320 822 2356 ς
838 2303 927 2357 Simul
968 2295 1161 2352 Philemonem
1171 2299 1330 2371 repudiant,
1344 2317 1489 2373 nunquam
1501 2301 1670 2359 breuitatem

128 2396 393 2465 autemetpraepara
408 2391 477 2445 mihi
484 2391 647 2462 hospitium.
666 2391 853 2445 »Hocautem
871 2408 929 2445 non
968 2393 1080 2440 cerent:
1094 2405 1155 2458 quae
1165 2407 1216 2460 pro
1227 2390 1367 2443 laciniosis
1377 2391 1447 2460 legis
1462 2392 1595 2446 oneribus
1611 2410 1670 2448 erar

128 2482 220 2536 solum
235 2481 380 2552 apostolis,
390 2481 439 2534 sed
447 2479 707 2552 prophetisquoque
719 2480 849 2535 similiter
860 2481 929 2535 acci·
969 2473 1068 2528 decore
1092 2479 1250 2549 conscripta
1264 2484 1315 2539 est,
1332 2478 1399 2532 dum
1418 2478 1575 2535 breviatum
1595 2498 1670 2537 const

128 2571 212 2625 disse.
233 2570 313 2625 Unde
341 2569 443 2640 sapius
458 2568 594 2639 scripturn
607 2568 724 2634 teratur,
740 2569 871 2624 «tactum
886 2576 930 2624 est
969 2568 1086 2634 tumque
1098 2582 1256 2620 sermonem
1267 2567 1334 2621 tacit
1346 2568 1482 2622 Dominus
1498 2587 1584 2640 super
1598 2578 1670 2626 terra

131 2658 247 2713 veebum
270 2657 384 2712 Domini
408 2657 443 2711 ad
466 2656 601 2721 Ezechiel,
618 2674 632 2710 a
648 2657 706 2711 sive
720 2658 755 2711 ad
776 2659 930 2728 quemlibet
1241 2713 1246 2731 ,
1397 2712 1406 2727 ,
1461 2712 1468 2727 ,

129 2747 217 2801 alium
232 2745 444 2818 prophetarum,
461 2745 527 2816 quia
540 2752 603 2815 post
613 2747 755 2817 expletum
765 2747 929 2801 vaticinium
1225 2710 1342 2764 cnPUT
1357 2710 1487 2765 [ΝΟΜ
1486 2713 1508 2764 1·

128 2851 242 2890 rursum
252 2834 281 2888 in
287 2834 625 2897 semetrevertens,homo
638 2835 883 2890 communissrerst
896 2854 928 2890 ex
970 2831 1006 2883 m
1013 2831 1178 2895 Philemone,
1191 2838 1215 2887 et
1226 2835 1355 2902 ilppiamt
1367 2836 1544 2904 Archippmet
1554 2837 1670 2891 dommi

127 2924 279 2996 Propheta,
305 2928 419 2995 excepto
432 2923 552 2978 Domum
567 2928 664 2977 nostro
678 2924 745 2978 jesu
760 2924 881 2991 Christo,
899 2926 928 2979 jn
1005 2902 1132 2957 Ecclesia.
1149 2905 1353 2959 llePltitrmoac
1368 2908 1534 2975 ctdpostolo,
1552 2924 1602 2976 pro
1621 2925 1670 2962 co«¹

395 3012 400 3023 .
420 3012 426 3023 .
643 3013 650 3024 .
831 3013 837 3025 ,
1005 2974 1126 3027 tionibus
1140 2992 1193 3029 sent
1214 2992 1244 3029 rr
1265 2979 1428 3030 tricenariam
1460 2981 1536 3031 arten
1551 2995 1573 3031 c.

127 3012 205 3068 ”⁰¹¹⁰
215 3017 343 3068 metum
354 3012 490 3083 smmum
510 3028 697 3084 ΡΘῙἮῙΘΜ86
710 3031 716 3065 ⁵
729 3013 803 3083 qu⁰d
816 3030 960 3126 ⁸¹g¹¹¹¹¹¹¹c
1004 3051 1096 3099 censet
1106 2992 1361 3101 vinctopl’hilemom'
1369 2979 1670 3116 superformatis-rabbi«

128 3108 157 3155 et
166 3101 295 3175 Baptista
304 3101 426 3156 Joannes
450 3106 595 3172 acceperat
619 3102 714 3168 (Mara
740 3104 769 3170 Ι),
785 3108 817 3156 ut
841 3119 926 3173 super
1006 3118 1075 3169 riter
1084 3119 1238 3171 obsecrante
1245 3134 1297 3186 pro
1308 3119 1518 3172 Oursirrroserco
1530 3124 1625 3188 ipsius,
1633 3126 1670 3190 et⁴

128 3207 212 3263 quem
225 3189 343 3244 vidisset
357 3189 493 3262 Spiritum
507 3196 636 3245 sanctum
658 3190 874 3245 descendentem
898 3199 926 3246 et
1005 3189 1670 3260 arbitrospitimneorrrrrteirdoutc.l)eEpaplrroconr

127 3285 290 3334 manentem
305 3280 335 3333 in
345 3295 387 3344 ρο,
412 3279 505 3350 ipsum
521 3296 582 3333 esse
604 3284 793 3350 cognosceret·
817 3280 855 3334 Ex
869 3298 925 3351 quo
1002 3263 1131 3345 Apostoli,
1146 3262 1281 3344 etidcirco,
1294 3263 1534 3321 tetrametram
1546 3264 1641 3347 licata,
1653 3280 1670 3318 c.

127 3367 285 3424 ostenditur
298 3385 383 3440 super
397 3369 502 3422 multos
526 3368 640 3439 quidem
655 3368 823 3423 descendere
839 3369 924 3440 Spiri-
1004 3331 1181 3400 “mmmm
1197 3334 1289 3385 '’aul‘'

127 3463 188 3512 tum
199 3457 792 3529 sanctum,sedpropriehocesseSalvatoris
802 3457 922 3529 insigne,
1003 3475 1016 3508 (t
1032 3456 1136 3510 Paulus
1150 3455 1258 3509 rinctus
1268 3457 1282 3509 J
1285 3473 1333 3510 esu
1345 3458 1459 3524 Christi,
1473 3464 1501 3512 et
1508 3459 1670 3515 Timotheus

127 3546 195 3617 quia
208 3552 374 3618 permaneat
383 3563 461 3600 meo.
475 3546 562 3601 Hiset
575 3545 684 3600 caeteris
698 3547 860 3616 hujusmodi
876 3564 923 3602 ro·
968 3563 981 3596 c
995 3544 1154 3599 Philemoni
1170 3544 1271 3598 dilecto
1283 3550 1311 3597 et
1323 3547 1497 3616 cooperatori
1514 3555 1620 3613 nostro,
1632 3554 1663 3604 et

126 3635 198 3701 lunt,
205 3640 256 3690 aut
265 3634 419 3706 Epistolam
426 3652 483 3691 non
492 3652 551 3689 esse
560 3636 650 3701 Pauli,
663 3652 724 3706 quse
734 3633 769 3689 ad
784 3636 927 3690 Philemo·
970 3653 983 3686 c
999 3634 1098 3694 sorori,
1116 3639 1144 3687 et
1158 3634 1298 3703 Archippo
1313 3635 1497 3689 commilitoni
1513 3643 1619 3704 nostro,
1635 3644 1665 3692 et

127 3740 192 3778 nem
208 3724 348 3791 scribitur,
365 3731 415 3780 aut
429 3724 451 3779 si
471 3725 557 3780 etiam
571 3725 651 3779 Pauli
681 3724 726 3792 sit,
740 3724 809 3778 nihil
824 3724 927 3779 habere
970 3722 1045 3777 «siae
1060 3739 1121 3793 quae
1137 3722 1165 3775 in
1178 3722 1262 3775 domo
1276 3728 1325 3776 tua
1346 3730 1397 3776 est.
1416 3743 1428 3775 u
1445 3726 1545 3795 (Hier.)
1563 3725 1670 3789 Quaerit

127 3813 202 3885 quod
209 3813 347 3869 aedisscare
359 3815 457 3885 possit,
474 3819 503 3868 et
516 3814 683 3884 aplerisque
696 3812 837 3869 veteribus
846 3831 928 3885 repu-
969 3818 1018 3865 aut
1033 3829 1087 3883 quo
1099 3810 1216 3882 jubente
1227 3811 1330 3865 Paulus
1342 3813 1382 3865 rel
1397 3814 1545 3884 antiquum
1556 3831 1661 3870 nomen

127 3902 243 3970 dietam,
255 3903 323 3958 dum
351 3901 566 3957 commendandi
578 3909 689 3956 tantum
713 3901 810 3956 scribit
823 3903 923 3968 officio,
966 3903 1012 3967 rit,
1028 3902 1071 3954 rel
1094 3917 1196 3954 norum
1216 3901 1385 3971 sumpserit?
1400 3902 1437 3955 Ut
1451 3919 1486 3956 es
1501 3902 1606 3957 Abram
1625 3905 1669 3960 nb

127 3998 184 4047 non
198 3990 326 4046 docendi.
343 3993 406 4046 Ate
420 3991 560 4047 contrario
569 3993 617 4062 qui
626 4008 767 4060 gennano
776 3993 926 4046 auctorita-
966 3990 1107 4044 diceretur
1116 3989 1165 4044 Dei
1171 3989 1296 4058 jussione
1305 3990 1516 4060 persectunrest,
1527 3996 1670 4049 utexSera

126 4080 163 4134 tis
178 4095 242 4133 eam
256 4079 489 4146 essedefendunt‚
519 4078 617 4134 dieunt
639 4096 787 4150 nunquam
813 4080 842 4133 in
866 4086 924 4135 toto
965 4078 1130 4133 vocabulum
1145 4079 1235 4143 steret,
1249 4096 1327 4149 ¹equo
1348 4081 1397 4132 Dei
1422 4080 1571 4150 imperium
1592 4082 1665 4147 fuit,-

127 4168 195 4223 orbe
208 4185 226 4223 a
240 4169 348 4222 cunctis
367 4168 497 4222 Ecclesiis
510 4167 595 4222 luisse
603 4174 761 4238 susceptam
777 4167 831 4222 uisi
845 4169 926 4223 Pauli
966 4168 1002 4221 ad
1016 4184 1118 4222 norum
1133 4169 1355 4222 lustramentum
1370 4169 1492 4235 rerriam,
1516 4178 1547 4223 ut
1567 4171 1666 4227 Simon

126 4256 245 4329 apostoli
257 4255 438 4325 crederetur,
455 4262 483 4310 et
492 4256 545 4311 hac
557 4257 619 4327 lege
643 4273 678 4310 ne
693 4257 844 4311 secundam
867 4258 926 4329 qui·
966 4274 1069 4312 nomen
1092 4257 1238 4327 acciperet,
1267 4264 1294 4310 et
1317 4257 1366 4310 filii
1386 4257 1511 4312 Zelrerlrei
1531 4260 1670 4332 Bonnerge

126 4348 191 4401 dem
201 4347 237 4402 ad
249 4346 437 4413 Timotheum,
454 4346 528 4400 etad
539 4346 653 4400 Galatas
669 4363 716 4400 eos
723 4344 825 4400 debere
838 4346 1010 4442 susci-Dest
1022 4349 1077 4414 filii
1086 4349 1206 4399 tonitrui
1215 4347 1505 4410 vocarentur,Domini
1518 4348 1605 4402 nostri
1617 4349 1670 4404 Jesr

125 4453 202 4508 pere,
213 4434 355 4508 dequibus
370 4441 399 4490 et
412 4435 464 4508 ipsi
477 4435 607 4489 lturnanae
621 4434 821 4489 imbecillitatis
835 4452 925 4490 exem·
966 4436 1001 4489 sti
1012 4451 1077 4489 voce
1086 4440 1257 4506 praeceptum
1268 4440 1319 4488 est.
1333 4435 1425 4499 Quare
1434 4444 1529 4490 autem
1541 4456 1556 4490 e
1568 4439 1670 4494 Saulol

126 4527 173 4597 pla
184 4525 604 4599 protulerint,‹penu1amqusm
613 4524 714 4597 reliqui
724 4523 840 4579 'l'roadae
851 4525 924 4596 apud
966 4524 1058 4581 dictus
1067 4523 1113 4588 sit,
1124 4522 1202 4578 nulla
1213 4523 1357 4594 Scriptura
1367 4531 1579 4580 connnemorat.
1591 4528 1670 4601 Nequ

127 4616 250 4686 Carpum
258 4614 925 4682 ‚venienstecumdeicr,»et,‹utinamexcindan
966 4614 1124 4685 putandum
1133 4619 1184 4678 est,
1193 4619 1246 4666 rita
1256 4612 1473 4683 simplicioribus
1481 4615 1670 4687 latinislegitu

126 4705 226 4775 turqui
236 4707 469 4773 rossonturbant,
480 4703 925 4776 ›inveniripluraetadRomanos
966 4703 1025 4757 lum
1040 4700 1221 4756 antedictum
1233 4718 1302 4767 esse,
1315 4710 1343 4754 ct
1359 4719 1415 4755 non
1431 4703 1506 4761 Saul,
1522 4704 1588 4774 quia
1603 4711 1632 4760 et
1646 4706 1670 4760 dt

127 4797 275 4847 etcaeteras
286 4794 431 4859 Ecclesiae,
448 4794 569 4849 maxime
584 4810 646 4864 quae
660 4794 697 4847 ad
708 4792 868 4847 Corinthios
883 4810 925 4847 re·
965 4791 1113 4861 Benjamin
1128 4795 1189 4845 erat
1203 4791 1232 4843 in
1248 4808 1303 4861 qua
1319 4790 1370 4844 hoe
1385 4808 1486 4845 nomen
1500 4792 1669 4849 firnriliarius

128 4882 455 4953 missius,etquotidiano
465 4899 537 4954 pene
551 4899 680 4937 sermone
690 4883 804 4947 dictata,
819 4881 848 4936 in
861 4882 923 4953 qui·
964 4880 1062 4946 betur3
1075 4880 1213 4950 siquidem
1229 4885 1257 4932 et
1270 4878 1315 4933 ille
1333 4880 1399 4933 Saul
1416 4898 1463 4934 rex
1478 4882 1492 4936 J
1495 4881 1589 4949 ndreae,
1603 4899 1669 4953 pers

127 4956 496 5043 busApostolusloquatur,r
506 4970 857 5041 Caeterisautcmegodico,
867 4987 923 5023 non
965 4968 1052 5021 David
1066 4967 1186 5021 detribu
1200 4968 1347 5038 Benjamin
1358 4969 1420 5022 fuit.
1437 4971 1516 5033 Quod
1528 4977 1625 5025 autem
1638 4972 1670 5028 Sa

124 5062 271 5129 Dominus,
282 5080 297 5117 a
310 5076 380 5132 quas
394 5065 423 5114 et
431 5061 504 5131 ipsas
519 5060 586 5131 quia
598 5060 703 5131 aliquid
719 5059 776 5113 tale
791 5058 923 5125 habeant,
965 5055 1044 5110 uobis
1058 5057 1169 5123 dicitur,
1183 5075 1238 5110 non
1251 5058 1353 5111 mirum
1366 5065 1409 5111 est
1424 5059 1541 5113 llebrtea
1551 5060 1668 5116 nomina

124 5155 174 5204 aut
187 5151 267 5206 Pauli
285 5150 418 5223 epistolas
431 5165 488 5203 non
509 5150 658 5220 putandas,
677 5154 726 5202 aut
744 5148 768 5201 si
783 5147 843 5200 istae
857 5147 925 5199 reci·
965 5146 1153 5199 militudinem
1169 5147 1329 5200 Graecorum
1341 5154 1369 5200 et
1379 5148 1570 5203 Romanorum
1584 5149 1670 5220 {casui

124 5237 251 5309 pientur,
258 5239 447 5312 recipiendam
457 5254 518 5292 esse
529 5243 558 5292 et
568 5238 604 5292 ad
613 5238 806 5291 Philemonem
814 5251 846 5288 cx
856 5251 924 5306 prra-
965 5234 1072 5297 clinari,
1082 5242 1114 5288 ut
1125 5235 1196 5288 sicut
1206 5252 1256 5305 pro
1266 5237 1278 5288 l
1284 5236 1368 5306 oseph
1378 5237 1391 5289 J
1395 5239 1525 5307 osephns,
1538 5256 1588 5309 pro
1598 5239 1670 5295 laco*

122 5327 229 5398 judicio
244 5328 378 5384 similium
395 5327 675 5400 receptarurn.Valde
690 5331 785 5380 autem
802 5324 924 5378 cossim·
964 5323 1131 5394 bus,itapro
1148 5325 1215 5377 Saul
1233 5342 1344 5395 quoqne
1360 5326 1461 5380 Saulus
1471 5327 1500 5379 in
1517 5334 1615 5381 nostra
1629 5329 1669 5383 lin

123 5415 234 5487 pliciter
247 5432 351 5482 errare,
363 5418 387 5471 si
402 5422 504 5488 putent
516 5415 608 5472 cibum
634 5432 737 5481 emere,
768 5412 922 5484 hospitium
964 5429 1094 5466 sermone
1110 5413 1243 5466 dicatur:
1264 5420 1295 5466 ut
1311 5415 1384 5467 enim
1402 5415 1503 5485 Scipio,
1521 5416 1670 5487 subjectat

117 5519 285 5576 preparare,
300 5506 468 5561 vestimenta
477 5506 642 5578 conquirere
650 5521 710 5559 esse
723 5508 878 5575 peecatum,
894 5508 923 5555 et
963 5501 1085 5555 Africani
1096 5501 1147 5555 sibi
1158 5504 1436 5574 nernenassumpsit:
1447 5506 1620 5572 ethletellus,
1633 5508 1670 5562 Cr

117 5608 244 5650 asserere
256 5591 348 5663 iugari
364 5592 500 5663 Spiritum
508 5600 646 5659 sanctum,
658 5591 844 5663 sicorpusculi
852 5606 922 5663 pau·
963 5590 1670 5668 sulasubjngatainsigne(treticisuasamiliaerepo
