3772 6120
116 292 188 352 asoa
411 295 443 349 a.
464 294 602 351 assam
626 295 744 350 naum
762 288 931 349 mentae.
951 286 1114 349 naama.
1135 292 1284 350 oecaau
1301 294 1395 350 eoas
1414 294 1466 350 ιιι.
1691 278 1751 351 ιιιι

118 426 147 474 et
159 419 257 489 puniet
271 418 431 472 obduratos.
448 418 481 471 Hi
497 426 562 472 sunt
572 421 619 490 qui
635 428 781 491 peccantes
792 422 819 475 in
832 422 952 491 Spin-A
961 420 1011 474 tali
1021 421 1138 491 pollens.
1145 421 1397 489 justitiaeclaritate
1405 418 1545 489 fulgebat.
1555 418 1649 482 Qttam
1662 420 1753 474 cista

118 515 180 562 tum
194 515 332 572 sanctum,
346 523 435 577 neque
451 507 479 560 iu
495 509 545 561 hoc
556 511 764 580 sacerrimaeque
781 510 808 562 in
823 510 918 563 tuturo
959 516 1032 562 ctam
1050 510 1185 579 propheta
1200 511 1309 569 asserit,
1325 511 1393 563 dum
1409 508 1445 561 ob
1460 508 1569 562 scelera
1579 507 1707 571 tiliorum,
1718 524 1753 563 sa·

117 597 313 652 remissionem
335 596 471 667 accipient
496 608 681 667 pcccatorum.
704 600 774 652 Nam
804 600 838 651 de
868 599 919 652 hoc
959 597 1081 652 cerdatis
1111 602 1278 668 potestatem
1299 597 1525 667 lneritorumque
1544 596 1642 649 lurnen
1660 597 1752 651 ambit.

118 687 243 742 Isidorus
271 686 444 756 ltispalensis
468 687 624 756 capriscopus,
646 688 680 740 ad
706 688 917 757 inquisitionem
960 684 1166 739 Candelabrum
1180 702 1246 756 ergo
1263 686 1319 739 sive
1335 686 1449 740 lucerua
1465 684 1705 754 sacerdotisque
1717 686 1753 739 in·

118 775 265 830 Massionls
292 774 422 844 episcopi,
444 776 484 827 ita
508 776 650 846 rescripsit
670 776 765 830 dicens
787 795 793 829 :
813 777 917 830 Verum
957 774 1125 844 telllguntur
1138 775 1307 829 charismata
1319 774 1613 843 honoristuncjmcta
1629 774 1754 829 loannem

119 864 193 935 quod
212 872 363 934 sequenter
381 865 409 918 in
430 865 553 935 epistolis
573 865 737 918 venerabilis
756 865 917 919 fraternitas
959 864 1343 931 exstinguiturvelmovetur,
1355 862 1543 934 quandopost
1555 862 1752 921 delicticasum.

118 960 168 1007 tua
182 954 314 1008 irnrotuit.
332 954 407 1006 nulla
422 962 465 1006 est
479 954 507 1006 iu
523 954 684 1023 hujusmodi
699 956 846 1008 sententiis
867 955 916 1008 de-
957 952 1085 1019 neglecta
1097 954 1270 1023 poeuitentla,
1287 954 1409 1007 admissa
1419 953 1528 1006 scelera
1542 958 1601 1006 iton
1615 951 1755 1009 dellentur.

119 1050 260 1096 cretarum
275 1043 421 1095 diversitas
437 1043 628 1109 intelligenda.
645 1044 717 1112 qtrod
734 1043 797 1095 alibi
815 1043 918 1107 legitur
959 1043 1019 1095 Non
1036 1042 1110 1095 euim
1126 1042 1216 1096 dixit:
1239 1044 1291 1096 Pro
1306 1060 1339 1096 eo
1351 1043 1425 1114 quod
1442 1042 1572 1095 cecidistl
1586 1041 1754 1095 commovebo

118 1132 148 1185 in
168 1131 247 1200 lapsu
267 1133 402 1202 corporali
422 1133 637 1185 restaurandum
658 1133 771 1184 honoris
797 1134 916 1199 gradum
957 1131 1156 1185 cunrlcaalrrum
1185 1137 1278 1185 tuum:
1295 1133 1353 1196 secl,
1370 1131 1431 1186 Nisi
1448 1130 1649 1202 paenitentiam
1664 1130 1753 1199 egeria

120 1227 183 1290 post
204 1220 408 1290 poenitentiarii.
429 1220 494 1273 alibi
515 1230 578 1290 post
597 1221 756 1290 hujusnunli
771 1218 914 1284 delictum,
957 1219 1072 1273 movebo
1093 1219 1292 1275 candelabrum
1306 1227 1397 1274 tuum.
1416 1220 1491 1289 Ergo
1506 1235 1681 1290 quemquam
1693 1236 1756 1290 pre-

120 1324 299 1379 nequaquam
316 1310 503 1380 reparandum
523 1311 629 1380 antiqui
647 1311 753 1363 ordinis
773 1311 914 1363 nteritum.
957 1308 1079 1378 positum
1095 1316 1266 1379 peccantem,
1283 1310 1306 1363 si
1321 1311 1491 1380 praevenerit
1508 1308 1754 1380 paenitentiadeli·

119 1398 183 1451 llaec
203 1399 278 1451 etnim
298 1399 445 1451 diversitas
464 1400 515 1451 hoc
536 1399 618 1450 ruodo
637 1399 821 1467 distinguitur
836 1398 917 1453 :illos
956 1397 993 1449 att
1009 1398 1107 1467 utique
1130 1399 1259 1468 sequitur
1273 1405 1301 1451 et
1315 1399 1404 1451 venia.
1424 1399 1457 1451 Et
1474 1398 1504 1451 in
1524 1396 1683 1451 Proverbiis
1695 1397 1754 1450 scri·

119 1488 193 1541 enirn
209 1488 243 1541 ad
259 1487 391 1557 pristinos
410 1486 492 1540 ellicii
507 1487 613 1554 gradus
627 1487 717 1540 redire
737 1491 833 1541 tunon
849 1504 917 1557 prae·
958 1490 1038 1555 ptum
1055 1492 1115 1538 est:
1134 1504 1148 1535 ιι
1164 1487 1216 1549 Qui
1231 1486 1375 1540 abscondit
1390 1486 1499 1540 scelera
1514 1502 1578 1551 sua,
1593 1500 1650 1539 non
1662 1485 1754 1554 dirige·

119 1577 202 1647 cepit,
216 1592 286 1646 quos
305 1576 475 1646 qroenitentim
492 1576 632 1645 praecessit
643 1576 804 1635 satisfactio,
822 1576 864 1629 vel
875 1576 918 1628 di·
959 1582 1021 1629 tur:
1035 1575 1081 1644 qui
1097 1574 1240 1628 coufessus
1256 1576 1340 1629 fuerit
1360 1580 1389 1629 et
1404 1575 1579 1646 relinquerat
1594 1590 1638 1639 ea,
1656 1575 1754 1628 miseri-

118 1682 175 1733 gna
190 1672 366 1735 peramarum
383 1665 526 1718 cccrntbssio.
544 1665 581 1717 nt
593 1671 690 1718 contra
702 1666 728 1718 lvi
742 1666 789 1735 qui
801 1682 919 1735 nequeo
959 1665 1082 1719 conliam
1097 1671 1284 1735 consequetur
1294 1668 1385 1734 (Prae.
1398 1681 1448 1718 nr·v
1457 1668 1507 1723 utl.
1525 1686 1535 1715 ι
1550 1666 1625 1719 Nam
1636 1671 1663 1718 et
1674 1665 1753 1735 ipsum

102 1744 105 1749 ’
120 1753 187 1807 vitio
215 1753 401 1824 corruptionis
425 1754 622 1815 ernendautur,
644 1762 728 1823 utque
750 1754 801 1807 hoc
825 1755 916 1824 ipsum
930 1766 949 1823 ῃ
960 1754 1034 1823 quod
1048 1768 1186 1807 carnonam
1202 1750 1321 1807 censura
1336 1760 1400 1823 post
1413 1758 1524 1824 septem
1538 1768 1631 1806 urinas
1642 1762 1754 1805 remeare

120 1844 231 1896 cerame
245 1843 378 1895 delictum
398 1844 471 1912 qtrod
493 1830 755 1906 arlrnittautsetittm
778 1843 918 1896 virulicare
960 1844 1140 1913 penitentem
1157 1845 1185 1896 in
1201 1846 1304 1896 statum
1322 1843 1475 1912 pristiuum
1491 1843 1637 1913 pracepit,
1652 1840 1754 1894 nouhoe

121 1931 242 2002 cpuaclam
255 1932 450 2002 superstitiosa
464 1931 623 1984 temeritate
642 1931 779 1989 nituntur,
797 1948 846 1984 nec
857 1947 919 2001 gra·
960 1930 1094 1985 electione
1116 1933 1220 2002 proprii
1236 1933 1345 1986 arbitrii
1370 1933 1457 1985 saneti
1482 1932 1595 1987 Patres.
1611 1932 1659 1985 sed
1673 1931 1754 2003 patim

120 2021 187 2074 dum
202 2021 299 2090 utique
317 2021 439 2079 honoris,
457 2037 508 2073 nee
522 2021 643 2087 gratiam
656 2022 862 2074 cavrnmuniouis
875 2038 918 2074 ac-
959 2036 991 2074 ex
1009 2022 1147 2075 sententio
1163 2022 1249 2074 «livini
1271 2021 1369 2091 ludicii
1391 2029 1559 2075 astrixerant.
1577 2022 1649 2075 Nam
1665 2021 1755 2091 legitur

119 2111 236 2179 cipiunt.
250 2111 320 2179 Ergo
336 2110 374 2163 itu
386 2117 428 2162 est
443 2117 561 2179 utraque
577 2108 734 2163 dirimenda
755 2110 895 2163 sententia
911 2128 915 2161 :
960 2111 1032 2180 quod
1050 2111 1139 2165 Maria
1153 2126 1232 2165 scinu
1258 2113 1352 2164 darron
1376 2111 1568 2182 prophetissa,
1586 2110 1652 2164 dum
1666 2110 1699 2163 ob
1712 2110 1754 2163 da-

119 2206 150 2252 ut
169 2215 280 2252 necesse
299 2200 337 2252 sit
356 2200 417 2252 illos
437 2200 589 2253 restaurari
606 2200 633 2252 in
650 2199 709 2251 loco
730 2199 852 2256 lionoris,
870 2199 917 2269 qui
959 2201 1110 2253 tinctiones
1139 2201 1271 2254 adversus
1297 2201 1412 2269 Moysen
1434 2200 1605 2253 incurrisset
1622 2199 1752 2261 delictum,

119 2288 369 2359 perpuniteutiam
381 2288 636 2341 reconciliationem
645 2296 809 2341 tumuerunt
818 2288 918 2341 divince
962 2306 975 2335 ιι
984 2289 1058 2341 illico
1072 2290 1204 2358 stigmate
1221 2289 1303 2358 lepra
1316 2288 1429 2358 perlusa
1443 2296 1496 2342 est.
1514 2289 1646 2359 Cumque
1659 2292 1755 2358 peteret

119 2377 240 2447 pietatis.
260 2377 292 2429 lli
307 2377 509 2430 necimmerito
528 2384 740 2447 consequuntur
750 2378 859 2446 trdcqrtar
874 2377 918 2429 di-
960 2379 1068 2448 Moyses
1083 2386 1113 2431 at
1129 2378 1340 2441 emundaretur,
1351 2379 1487 2448 praecepit
1497 2396 1564 2431 earu
1578 2378 1755 2432 Dominusex·

117 2466 234 2533 grtitzrtis
249 2472 363 2525 statum,
378 2467 425 2536 qul
441 2484 490 2536 per
508 2466 732 2519 circumlationem
749 2466 918 2534 peanitentiae
957 2472 1004 2520 tra
1019 2472 1111 2520 eastra
1124 2472 1232 2536 septem
1246 2466 1345 2520 diebus
1365 2467 1471 2533 egredi,
1495 2474 1524 2520 et
1550 2473 1615 2537 post
1633 2467 1753 2520 emunda·

119 2556 256 2625 recepisse
278 2564 431 2608 noscuntur
451 2556 512 2607 vitre
541 2554 705 2607 remedium.
729 2555 757 2607 ld
785 2556 859 2607 enirn
883 2571 918 2607 ne
959 2556 1065 2609 tionem
1078 2570 1175 2609 rursus
1190 2572 1250 2608 eam
1266 2556 1296 2607 iu
1312 2560 1405 2608 castra
1420 2555 1533 2608 admitti
1557 2557 1654 2621 (Nutu.
1676 2559 1752 2619 titt-.-

118 2644 190 2697 t'orte
209 2646 299 2713 nitigis
314 2644 476 2711 errrrb'mutuu
493 2645 538 2699 sit.
555 2644 654 2697 divitae
669 2644 842 2696 rructoritatis
858 2661 919 2696 seu-
961 2645 1051 2697 Maria
1066 2660 1132 2713 ergo
1143 2661 1222 2697 soror
1229 2647 1322 2697 Aaron
1332 2660 1397 2697 erno
1412 2644 1588 2713 intelligitur
1596 2645 1751 2698 sacerdotis:

119 2734 208 2785 tentia
221 2737 410 2787 contirntettm.
420 2734 625 2787 llaecltieleuim
635 2734 779 2803 prrqureta,
789 2732 840 2786 sub
851 2740 918 2802 tvpo
960 2748 1021 2802 quae
1036 2732 1103 2785 dutn
1118 2733 1254 2803 superbire
1275 2734 1369 2786 dedita
1396 2732 1602 2786 sordidissimis
1624 2734 1753 2803 cogitatio

120 2822 349 2891 praevaricatricis
368 2824 532 2879 Jerusalem.
556 2823 677 2876 ostendit
698 2828 761 2893 post
781 2821 918 2891 preniten·
960 2836 1027 2874 num
1043 2822 1178 2889 crintugiis
1193 2823 1360 2883 ιιιιιιιιΙιιιιιι.Ι
1376 2828 1453 2876 extra
1469 2828 1565 2877 castra
1585 2832 1691 2893 septem
1705 2822 1751 2876 die

119 2909 165 2961 tier
180 2911 397 2964 satisfactionem
413 2912 561 2982 pristinum
577 2912 729 2964 restaurari
741 2928 821 2980 posse
832 2911 918 2964 liono-
960 2909 1020 2975 hus,
1038 2910 1089 2963 hoc
1109 2916 1161 2975 est,
1183 2914 1260 2962 extra
1279 2910 1427 2978 collegium
1447 2918 1554 2965 sanetae
1576 2911 1704 2966 Ecclesia
1720 2928 1750 2965 se

121 3014 190 3063 rern,
208 3018 220 3050 ι
238 3001 423 3059 t'oulhnderc,
441 3001 542 3069 iuquit,
560 3019 575 3050 o
591 3001 671 3055 luda.
689 3009 716 3052 et
737 3007 816 3069 porta
836 2999 915 3069 igno·
958 3004 1034 3069 ptem
1050 2999 1131 3052 annis
1144 2999 1308 3069 projiciatur
1323 3018 1330 3053 ε
1348 2996 1393 3052 ubi
1406 3012 1468 3069 post
1483 2999 1748 3054 ernttndationemvi·

120 3086 236 3139 titinium
252 3096 329 3140 tuam
344 3090 447 3140 adach.
462 3092 527 3153 avr).
540 3106 549 3136 ι
560 3087 591 3141 Ει
605 3092 667 3157 post
682 3089 840 3157 pntrluluur:
856 3106 867 3137 c
884 3090 914 3142 lh
926 3070 948 3127 G
959 3088 1073 3145 tiorum,
1100 3088 1152 3141 lori
1168 3089 1209 3141 vel
1234 3087 1358 3158 pristinae
1381 3088 1528 3157 dignitatis
1552 3090 1670 3159 recipiet
1683 3087 1746 3141 meti·

124 3183 163 3233 tu,
179 3176 319 3246 inquitet
334 3177 396 3230 ttliee
407 3184 461 3230 tua
478 3177 650 3229 revertimini
662 3177 697 3229 ab
708 3177 854 3246 iniquitate
870 3192 916 3229 ve·
958 3183 1029 3230 tum.
1047 3178 1115 3231 Ecce
1131 3176 1310 3247 inquantum
1333 3177 1482 3235 valuimus,
1494 3178 1606 3230 concilii
1618 3178 1744 3248 antiquare

120 3273 187 3318 stra.
207 3266 348 3328 »Quando
369 3266 447 3321 divit.
465 3285 477 3311 s
494 3266 671 3320 carnlbndere,
691 3288 701 3313 v
719 3266 842 3319 ostendit
855 3274 918 3337 post
960 3265 1041 3335 plane
1059 3271 1088 3319 ct
1102 3266 1185 3336 plena
1206 3265 1371 3319 auctoritate
1397 3266 1571 3318 sententiam
1587 3266 1672 3320 saetis
1685 3265 1744 3320 testi·

119 3354 306 3408 eorrfessicncs
327 3355 354 3407 ld
382 3373 442 3408 esse
466 3355 570 3425 pcc-cati
592 3371 671 3424 opus,
694 3354 794 3407 dehere
818 3372 916 3424 quem-
960 3355 1061 3408 rnoniis
1076 3354 1231 3425 explanavi,
1248 3354 1399 3407 ostendens
1419 3368 1483 3407 eum
1506 3372 1590 3425 posse
1611 3354 1741 3409 restaurai

119 3458 204 3512 quatu
219 3443 396 3498 ernbeseere:
410 3452 438 3496 et
454 3460 503 3514 pro
518 3444 647 3497 arlrnissis
660 3444 820 3509 sceleribus,
839 3460 916 3497 vere·
959 3443 1072 3513 proprio
1086 3444 1200 3503 honore,
1212 3443 1260 3512 qui
1272 3459 1321 3513 per
1339 3442 1512 3512 qtoertitentiae
1530 3444 1739 3501 sactisfactionem,

118 3533 237 3585 cunilam
253 3534 372 3585 frontem
389 3534 465 3586 humi
481 3539 649 3603 prostratam
664 3534 827 3601 demergere
845 3552 849 3584 :
867 3548 917 3602 pro
959 3532 1036 3583 travit
1058 3532 1173 3600 propria
1194 3529 1294 3584 delicta
1309 3531 1423 3585 dellere.
1442 3533 1513 3587 Eum
1529 3551 1596 3587 vero
1613 3550 1664 3587 riou
1680 3548 1740 3603 pasc

95 3670 103 3685 ,,
119 3636 151 3673 eo
171 3621 244 3690 quod
265 3623 380 3687 dignum
410 3623 579 3676 rerinl'usieuis
605 3629 813 3692 perpetraverat
835 3639 914 3692 opus.
958 3620 1120 3683 restaurari,
1139 3621 1185 3689 qui
1205 3637 1255 3672 nec
1270 3621 1347 3687 luget
1362 3638 1424 3690 quae
1440 3623 1506 3691 egit.
1524 3627 1554 3676 et.
1570 3623 1686 3692 lugenda
1698 3623 1738 3673 sive

118 3709 224 3762 Deinde
240 3711 367 3781 precepit
386 3718 416 3763 ut
432 3718 523 3780 portet
536 3710 718 3780 ignominiam
734 3710 917 3780 depositionis
958 3709 1015 3762 ullo
1031 3709 1135 3780 pudore
1149 3709 1302 3779 religionis.
1313 3711 1354 3763 vel
1361 3710 1463 3764 tilhere
1475 3712 1576 3779 judicii
1589 3712 1672 3766 divini
1682 3724 1738 3764 coru·

118 3815 184 3855 sure.
208 3799 305 3868 lugens
324 3817 388 3853 cum
408 3799 567 3853 hurnilitate
590 3801 661 3869 quod
683 3805 854 3870 peceaverat.
872 3800 917 3853 Sic
959 3797 1055 3851 mittit.
1074 3799 1104 3851 ln
1122 3798 1175 3850 tlne
1189 3803 1284 3850 autem
1299 3798 1423 3868 epistolae
1440 3800 1492 3852 hoe
1507 3801 1737 3870 adjiciendumpu·

119 3900 229 3957 quoque
245 3890 367 3942 revocarl
382 3889 535 3942 secuudum
552 3890 719 3959 prophetam
739 3889 773 3941 ad
795 3889 916 3959 priorem
958 3885 1024 3949 tavi,
1036 3892 1068 3939 ut
1081 3886 1444 3956 quotiescumqueingestls
1459 3890 1641 3959 conciliorum
1656 3890 1737 3942 dieas

118 3982 222 4030 statum
245 3979 356 4047 poterit.
378 3977 448 4030 Item
477 3979 598 4031 turinnes
619 3978 790 4047 evangelista
818 3980 917 4047 arrgrlo
958 3975 1098 4027 sententia
1113 3975 1262 4034 invenitur,
1279 3975 1354 4028 illius
1370 3978 1462 4046 magis
1477 3975 1737 4033 teneatursententle

120 4065 220 4135 Ephesi
241 4065 377 4132 Ecclesia,
395 4067 467 4119 inter
481 4073 582 4119 cratera
597 4064 688 4120 situile
702 4067 834 4136 quiddam
848 4067 917 4119 seri·
958 4065 1037 4133 eujus
1052 4064 1195 4134 antiquior
1209 4071 1238 4117 et
1250 4065 1340 4135 potior
1360 4066 1469 4119 exstitit
1481 4067 1642 4122 auctoritas.

117 4154 193 4225 psit:
210 4172 222 4205 ι
242 4155 348 4207 Memor
365 4162 433 4208 estc).
451 4155 550 4224 inquit.
574 4155 649 4208 uude
665 4155 806 4217 cecideris,
823 4163 851 4209 et
865 4173 917 4225 age
996 4154 1023 4205 lu
1046 4153 1163 4206 carteilio
1177 4153 1265 4223 igliur
1282 4154 1451 4209 Hilerdeusi.
1474 4172 1535 4225 cap.
1559 4157 1584 4215 ῖι,
1602 4154 1636 4208 de
1652 4155 1689 4208 his
1701 4152 1735 4221 qui

118 4243 321 4314 poenitentiarrr,
337 4251 365 4296 et
381 4244 471 4312 prirua
486 4260 570 4313 opera
585 4246 645 4296 t'ac:
667 4244 791 4313 alioquin
806 4244 916 4297 veniam
958 4239 1057 4293 altaria
1074 4239 1208 4296 serviunt.
1225 4240 1248 4293 si
1263 4239 1356 4293 sabito
1367 4242 1461 4294 carnis
1475 4242 1626 4312 liagilitatc
1649 4254 1736 4294 corrue

118 4332 180 4393 tibi,
201 4336 229 4385 et
249 4332 363 4386 tnovebo
382 4332 580 4385 candelabrum
601 4338 680 4384 tuutn
711 4333 745 4384 cle
779 4333 837 4385 loco
856 4335 917 4401 ejus
959 4329 1024 4392 rint,
1041 4338 1070 4381 ct
1086 4328 1205 4382 Donuno
1226 4329 1391 4398 respiciente
1407 4330 1492 4397 digne
1512 4328 1734 4401 paenituerintita

119 4428 208 4491 (ttprrr.
226 4435 262 4481 ιιι.
283 4425 338 4476 »lu
357 4424 455 4491 ringeln
467 4423 595 4476 Ecclesiae
616 4423 795 4493 praepositum
809 4423 990 4511 ut.ique,Dut
1002 4417 1171 4470 nantilicato
1199 4433 1316 4487 corpere-
1344 4419 1436 4472 eordis
1455 4420 1567 4472 contriti
1593 4418 1735 4472 sacrificium

119 4512 145 4564 id
162 4520 212 4571 est,
227 4512 400 4565 sacerdotem
425 4512 556 4574 ostendit,
570 4513 649 4579 justa
676 4511 852 4573 Malachiam,
870 4512 915 4580 qui
960 4507 1016 4558 llco
1031 4507 1159 4564 oll'erant,
1173 4507 1340 4560 mauemrtin
1353 4513 1491 4577 potestate
1502 4509 1648 4578 pontilicis,
1661 4507 1735 4560 velte

117 4600 185 4652 dicit
203 4619 208 4651 :
223 4620 235 4650 ι
250 4600 343 4653 labia
362 4600 514 4653 sercervlotis
533 4601 695 4653 custodiunt
713 4599 868 4661 scientiam,
890 4608 919 4654 et
959 4596 1063 4649 incitet
1077 4596 1196 4648 sillictus
1210 4612 1267 4648 mm
1289 4595 1336 4648 diu
1352 4598 1533 4666 suspendere,
1551 4600 1590 4650 vel
1606 4596 1735 4649 desidiosos

120 4690 208 4757 legem
224 4690 374 4758 exquirunt
389 4690 422 4742 cle
437 4706 485 4742 ore
500 4691 570 4758 ejus,
588 4690 653 4759 quia
668 4690 791 4755 Angelus
806 4690 917 4742 Dauum
959 4684 1101 4755 prolixiori
1117 4690 1244 4754 leutpffle
1262 4685 1296 4737 ab
1312 4684 1439 4738 Ecclesia
1454 4702 1571 4757 corpure
1587 4700 1732 4756 segregari:

118 4783 162 4830 est
177 4779 304 4841 (ltctlach.
318 4781 355 4843 ιι).
376 4778 568 4848 sercposirus
584 4794 650 4846 ergo
661 4777 756 4847 lapsus
767 4778 795 4830 ln
808 4778 915 4843 vitium,
958 4774 998 4826 ita
1012 4782 1116 4834 tanrcu,
1129 4778 1160 4826 ut
1175 4773 1214 4825 sic
1235 4774 1389 4826 ciliciorum
1410 4775 1469 4826 lota
1486 4775 1629 4845 recipiant,
1645 4792 1675 4828 ne
1686 4786 1732 4842 pos·

81 4860 83 4864 ’
118 4882 168 4937 per
183 4867 383 4935 evangelistam
402 4874 540 4923 incitetur.
555 4874 585 4919 ut
598 4883 706 4919 rnernor
715 4867 751 4918 sit
766 4868 840 4920 uude
850 4868 918 4920 ceci-
959 4862 1016 4915 siut
1039 4863 1073 4914 acl
1098 4862 1200 4915 altiora
1214 4862 1303 4914 ollicia
1320 4862 1438 4915 ulterius
1458 4865 1622 4933 promoveri.
1640 4860 1705 4925 Qurrd
1716 4856 1732 4909 si

117 4958 199 5014 derit.
216 4964 244 5009 et
259 4957 454 5026 ptcmtentiarn
471 4963 545 5024 agat.
562 4966 586 5007 et
602 4956 694 5025 prima
710 4956 795 5008 iaciat
808 4974 892 5026 opleta
910 4975 915 5008 :
959 4950 1059 5004 iterato
1075 4952 1150 5004 velut
1164 4966 1249 5004 canes
1264 4951 1297 5003 :ul
1315 4952 1448 5005 vurrriturn
1463 4954 1566 5006 reversi
1583 4954 1731 5007 tuerintncu

117 5053 149 5098 ut
161 5062 216 5100 uon
234 5052 379 5099 moveatur
393 5044 590 5097 carnlelabrurn
606 5046 676 5113 ejus.
695 5046 766 5097 Natu
786 5044 916 5098 carrcleta-
959 5041 1048 5093 solum
1070 5039 1206 5107 dignitate
1222 5040 1304 5093 etllcii
1319 5050 1446 5104 careant,
1469 5044 1517 5093 sed
1534 5044 1617 5095 etiam
1632 5046 1730 5095 salictam
1744 5052 1748 5061 ·

117 5135 198 5188 hrum
221 5136 329 5204 nugati,
347 5134 472 5187 doctriua
490 5140 531 5185 est
555 5134 753 5189 sucterclotalis:
772 5135 810 5187 vel
829 5136 917 5187 ltouor
958 5129 1194 5187 tietuinuuiuuem.
1208 5129 1261 5183 nisi
1277 5131 1305 5182 iu
1322 5130 1407 5184 exitu.
1426 5147 1482 5183 mm
1500 5132 1661 5202 percipiant.

118 5225 264 5291 potestatis
276 5238 360 5293 quant
370 5230 470 5289 gestat.
489 5222 663 5290 intelligitur,
671 5224 751 5291 justa
762 5223 836 5292 quotl
847 5223 915 5275 scri·
994 5220 1063 5271 ltcru
1074 5219 1103 5271 iu
1119 5219 1235 5271 trctttcilio
1250 5219 1606 5286 Crtdltaginiensicau.ii.
1622 5218 1730 5285 scriptus

117 5317 195 5379 ptum
208 5322 248 5365 est
268 5314 342 5382 apud
363 5313 522 5365 Satrtttelem
543 5312 570 5363 in
590 5312 802 5365 ‹lamnationern
824 5312 884 5364 llcll
908 5331 912 5363 :
957 5309 1083 5377 estquod
1100 5307 1254 5377 presbyteri
1267 5316 1294 5361 et
1305 5308 1414 5361 diaconi
1427 5309 1455 5361 ln
1467 5310 1588 5379 graviori
1600 5309 1673 5377 culpa
1684 5314 1730 5353 cort·

120 5415 130 5446 ι
146 5399 225 5450 Oculi
242 5401 303 5467 ejtts
317 5401 514 5469 caligaverant,
531 5417 581 5452 nec
593 5407 703 5469 poterat
717 5399 808 5452 videre
825 5402 914 5453 lucer·
956 5398 1029 5457 victi,
1039 5396 1496 5467 uranusimpositionemtauquam
1507 5399 1568 5451 laici
1581 5404 1731 5467 nequaque!ll

118 5501 182 5537 ιιιιιιι
193 5487 252 5543 nei,
265 5494 414 5558 antequam
430 5490 687 5558 exstinguereturtl
706 5491 763 5554 lli’r·
774 5503 820 5554 ιιι.
839 5510 850 5541 ι
866 5491 915 5542 bu·
956 5487 1121 5556 suscipiant.
1132 5488 1394 5549 Contlrruattunest,
1406 5496 1434 5540 ut
1445 5488 1469 5540 si
1480 5489 1593 5558 qnando
1603 5476 1729 5558 presbyteri

118 5588 202 5625 cerna
212 5573 314 5644 quippe
328 5577 379 5628 Dei
393 5576 494 5637 suerat,
507 5577 618 5649 quando
634 5578 772 5647 dignitate
786 5578 914 5631 sacerdo-
956 5579 997 5629 vel
1013 5577 1123 5631 diaconi
1138 5575 1165 5629 iu
1186 5576 1280 5646 aliqua
1288 5575 1409 5645 graviori
1420 5577 1503 5646 culpa
1510 5576 1625 5631 convicti
1639 5570 1729 5627 luerint.
