3772 6120
117 258 183 319 ltu.
414 263 448 321 u
467 262 605 322 mam
623 263 740 322 usum
757 264 925 321 ruamur.
945 265 1107 323 uouuur.
1128 262 1274 322 ornauit
1293 261 1388 320 PARS
1404 261 1454 320 111.
1545 290 1548 295 ·
1701 264 1756 322 ⁴72

118 384 260 458 memorio
277 385 403 443 omaus
428 394 626 462 nuncupentur
647 395 763 463 propter
788 389 1016 459 volucresApi'ot
1023 391 1208 459 bomoasacie
1219 392 1315 456 leonis,
1330 391 1496 444 etincuirat
1507 390 1541 443 in
1549 390 1758 454 crummin-

118 472 191 543 omli,
207 479 238 530 et
250 474 324 547 quod
334 475 364 531 in
377 489 432 532 usu
445 477 558 546 dicitur,
574 479 697 551 pluviam
709 479 806 534 venire
819 479 855 534 de
864 495 918 534 coe·
958 485 1043 535 trocat
1055 475 1209 534 indornur'n
1215 494 1296 533 suam
1306 483 1331 532 et
1340 480 1455 532 reclinet
1466 493 1656 547 manussupcr
1662 479 1757 547 parie-

119 562 171 618 lo:
198 578 254 618 non
282 564 357 635 quod
384 565 515 638 pluviae
541 569 611 623 coelo
634 568 738 623 veniat.
754 568 917 640 Philosophi
958 569 1248 623 temetmordeatcum
1258 569 1377 622 coluber.
1394 565 1494 622 Νονιηι
1510 567 1687 621 uncbradics
1705 567 1758 621 Do-

121 650 224 723 quippc
237 650 319 708 aiunt
336 669 393 710 non
415 655 538 727 amplius
561 673 645 730 quam
669 655 778 712 duobus
793 655 918 712 millibus
958 659 1032 711 mini
1045 661 1070 711 at
1080 673 1137 711 non
1147 660 1206 722 iac,
1221 661 1246 710 ct
1256 659 1344 725 caligo
1359 671 1423 710 non·
1435 655 1537 710 babens
1560 655 1759 724 splendorem?

119 755 254 812 passuum
268 743 494 800 ammadistare
512 745 611 813 nubes,
628 744 778 818 exquibus
795 744 918 800 lundan-
960 745 1107 815 (rimosa)
1120 744 1266 810 Quomodo
1280 745 1356 801 enim
1371 761 1428 799 uon
1451 742 1528 799 mala
1544 747 1589 798 est
1606 743 1667 799 dies
1685 742 1757 811 hac,

119 833 169 883 tur
180 829 281 900 pluvia
309 836 339 887 et
353 831 445 888 imber
467 833 579 902 irroret,
592 835 674 906 juxta
695 851 780 906 quem
803 850 917 890 sensum
959 831 1021 907 qua
1034 832 1158 889 tenebris
1182 838 1211 889 et
1238 832 1359 904 caligine
1384 831 1545 900 involvitur,
1563 832 1599 887 de
1616 849 1674 903 qua
1696 832 1758 887 Joel

121 921 269 975 catamctae
293 935 405 993 quoque
425 923 488 979 coeli
509 924 539 979 in
553 923 658 979 diluvio
673 928 777 995 aperta
805 939 867 979 esse
880 923 918 978 se·
958 940 1070 996 quoque
1079 923 1219 996 propheta
1227 921 1538 978 commemoratdicens
1554 938 1561 974 :
1578 922 1676 978 (lenite
1691 922 1759 975 taba

121 1013 234 1064 rantur.
249 1008 452 1068 Verumtamen
461 1018 566 1084 quanto
576 1013 639 1085 quis
653 1014 733 1085 pejor
742 1013 918 1079 fuerit,tanto
959 1016 991 1068 in
1001 1011 1069 1068 Sion
1079 1029 1088 1065 :
1100 1013 1247 1082 predicate
1261 1015 1293 1066 in
1311 1017 1402 1067 monte
1413 1015 1584 1078 sanctonico,
1601 1015 1626 1064 et
1640 1011 1760 1078 consun-

121 1095 240 1152 vicinior
254 1098 309 1153 erit
321 1104 404 1155 terrae
418 1099 486 1156 locis
495 1101 524 1156 in
540 1101 682 1174 pinguiori
692 1100 866 1157 substantioe.
878 1100 919 1156 Si·
959 1103 1164 1156 danturomnos
1170 1103 1220 1171 qui
1225 1101 1351 1157 habitant
1361 1099 1677 1169 tenavnpuoniomcus
1684 1099 1758 1152 adest

122 1182 237 1256 quidem
251 1191 281 1242 et
293 1192 371 1244 terra
384 1193 414 1244 et
431 1189 621 1246 circumdatus
643 1189 723 1246 nobis
746 1206 795 1245 aer
814 1189 920 1246 habent
958 1187 1761 1259 Domini,paiapropecrtdiestencbraramettnrbinis‚dics

123 1273 324 1345 pinguedinem
338 1294 428 1333 snam.
457 1279 545 1335 Aiunt
559 1278 674 1351 quidam
693 1284 722 1335 et
740 1279 849 1334 anhuas
860 1279 920 1335 suis
960 1280 1098 1333 nebulae:
1112 1280 1242 1346 caliqinis
1263 1280 1337 1350 (lael.
1354 1279 1409 1349 u);
1429 1282 1459 1332 et
1482 1276 1639 1349 sophonias
1661 1275 1698 1330 de
1711 1291 1760 1330 ea-

121 1363 286 1435 corporibus
303 1365 446 1435 liberatas,
468 1369 491 1423 si
515 1373 668 1424 attenuatis
683 1368 789 1424 fuerint
803 1368 833 1423 in
846 1384 920 1440 prve-
959 1367 1024 1422 dem
1038 1367 1084 1421 die
1093 1367 1218 1437 loquitur
1233 1383 1239 1419 :
1255 1367 1358 1435 llapna
1366 1382 1451 1436 prope
1464 1370 1490 1420 et
1504 1369 1580 1420 ocios
1590 1354 1679 1419 nimir
1687 1383 1696 1430 ;
1708 1380 1759 1419 coa

122 1451 196 1509 aena
206 1452 272 1521 vita,
287 1459 318 1510 et
330 1454 408 1522 lima,
421 1460 455 1512 ut
463 1457 505 1511 ita
513 1456 606 1511 dicam
616 1449 755 1520 ἀσκήσεως
767 1462 855 1528 atque
867 1455 921 1509 vir·
960 1458 1017 1511 dici
1026 1456 1141 1510 Domini
1154 1470 1264 1521 amora,
1275 1456 1393 1522 staura,
1404 1460 1429 1508 ct
1438 1456 1520 1523 sortis
1531 1472 1540 1509 :
1551 1455 1608 1508 dies
1623 1456 1685 1521 ira,
1702 1454 1760 1507 dias

121 1543 217 1595 tutum
231 1540 377 1598 insubtile
391 1545 687 1616 corpusattrita,non
702 1544 877 1599 habitaturas
890 1544 919 1599 in
962 1547 1021 1610 illo,
1034 1546 1238 1612 dissonantia
1251 1549 1277 1598 et
1306 1541 1572 1613 nmmsitatislsoph.
1587 1543 1617 1609 ri,
1642 1546 1673 1596 et
1695 1541 1763 1596 reli-

123 1626 318 1700 pinguioribus
337 1632 416 1700 locis,
433 1633 483 1688 sed
505 1635 574 1702 Deo,
590 1634 638 1707 qui
658 1634 839 1706 incorporeus
866 1638 918 1700 cst,
961 1649 1025 1704 qua.
1038 1633 1177 1704 Postque
1187 1631 1272 1687 infert
1285 1650 1291 1685 :
1303 1633 1337 1687 lli
1350 1635 1479 1704 affligam
1488 1632 1622 1696 honuncr,
1632 1635 1656 1683 ct
1667 1631 1765 1684 animi·

123 1716 230 1774 vicinas
243 1717 320 1775 som:
346 1721 371 1776 si
390 1738 455 1777 vero
469 1723 540 1778 tales
553 1722 669 1791 suerint,
697 1724 732 1778 de
751 1722 853 1794 quibus
866 1709 955 1777 diciB
966 1723 1065 1776 tabunt
1075 1728 1106 1777 ut
1120 1725 1190 1789 caci,
1203 1721 1394 1790 puiaDomino
1401 1724 1582 1790 peccaverunt
1593 1718 1687 1790 (Apoc.
1702 1721 1763 1787 ιιι).

92 1838 96 1847 =
123 1805 229 1878 possit:
246 1808 315 1864 Filii
329 1809 486 1879 bominum,
500 1829 638 1881 maneque
651 1814 734 1880 praui
747 1813 919 1882 cordelPral.
962 1810 1000 1866 Ut
1014 1810 1102 1880 ign'tur
1124 1810 1213 1882 possit
1233 1809 1296 1881 quis
1314 1809 1344 1864 in
1357 1809 1410 1865 hac
1423 1808 1470 1864 die
1495 1806 1605 1862 diabolo
1619 1807 1761 1873 resistere,

125 1896 173 1966 rr),
186 1894 244 1951 sive
260 1896 359 1969 pingui
381 1900 474 1967 corde,
489 1900 644 1956 secundum
658 1900 852 1956 crassitudinis
866 1916 924 1958 sun
963 1899 1029 1971 quia
1043 1899 1103 1971 ipse
1118 1904 1162 1953 est
1174 1905 1320 1954 accusator
1328 1898 1449 1953 fratrum
1463 1902 1766 1963 nostromm,assumst

124 1982 237 2056 pondus
245 1984 281 2040 ad
297 1985 397 2042 intima
405 1987 516 2043 detrahi
527 1994 556 2044 ct
564 1989 735 2060 pinguedine
742 1989 920 2061 pregravari.
963 1986 1144 2041 omuiaarma
1153 1987 1204 2042 Dei
1216 1987 1368 2042 :hocenim
1373 1992 1456 2043 sonat
1468 1979 1616 2052 πανοπλία,
1624 1991 1722 2041 nonut
1735 1985 1765 2041 in

202 2072 256 2128 hoc
271 2079 299 2129 et
311 2074 382 2130 illud
396 2077 503 2147 pariter
512 2077 716 2145 disserendum,
728 2094 764 2132 an
778 2079 831 2131 hac
845 2082 925 2132 terra
963 2075 1063 2131 Latino
1077 2074 1242 2147 simpliciter
1259 2092 1341 2130 arma
1354 2075 1492 2131 translata
1505 2080 1581 2141 sunt,
1599 2074 1649 2129 sed
1672 2073 1765 2129 omni·

127 2163 157 2215 et
175 2176 240 2216 aere
264 2162 365 2235 aliquis
389 2165 522 2238 pinguior
539 2166 616 2222 locus
629 2167 676 2232 sit,
693 2165 740 2238 qui
751 2183 769 2219 a
783 2166 924 2237 plerisque
963 2163 1016 2219 bus
1029 2164 1093 2219 telis
1107 2165 1250 2236 armisque
1259 2166 1427 2231 succinctus,
1442 2165 1477 2219 de
1491 2162 1594 2236 quibus
1608 2168 1639 2219 et
1647 2179 1766 2234 sequen·

127 2249 287 2321 appellatur
296 2251 434 2321 lniemus,
452 2254 482 2311 in
495 2271 552 2326 quo
565 2255 606 2321 hi,
623 2255 671 2326 qui
685 2255 818 2310 dicuntur
830 2254 923 2322 inseri,
964 2252 1040 2308 tibus
1054 2253 1218 2324 explicatur,
1234 2255 1305 2310 sciat
1325 2271 1356 2309 se
1369 2260 1437 2309 tunc
1458 2259 1534 2308 stare
1558 2269 1651 2324 posse,
1663 2252 1688 2306 si
1703 2251 1765 2307 uni-

127 2346 349 2397 commorautur.
362 2342 484 2408 Quinam
497 2360 563 2399 vero
578 2343 625 2399 isti
652 2344 710 2398 sint
728 2349 766 2408 et,
782 2359 867 2415 quem
881 2342 924 2397 vel
965 2358 1045 2396 versa
1067 2342 1154 2397 suerit
1167 2349 1308 2415 operatus,
1325 2349 1357 2398 ut
1379 2344 1479 2415 plenus
1490 2341 1598 2398 cunctis
1612 2339 1765 2397 virtutibus

82 2448 88 2455 ·
128 2427 327 2500 cognitionem,
344 2430 387 2486 vel
402 2432 594 2488 diversitatem
616 2431 747 2497 habeant,
764 2432 800 2486 ad
814 2431 924 2503 eosqui
965 2429 1094 2486 stabilem
1112 2433 1182 2502 figat
1198 2432 1329 2502 gradum,
1346 2438 1375 2486 et
1402 2447 1459 2486 non
1481 2435 1627 2486 moveatur
1642 2429 1762 2497 daseia,

127 2515 415 2591 spiritalianequitiae
438 2521 468 2575 in
492 2520 651 2576 ooelestibus
666 2521 852 2593 appellantur,
869 2537 925 2576 non
966 2519 1058 2590 sitque
1071 2537 1105 2574 ex
1121 2521 1175 2586 his,
1199 2521 1233 2575 de
1261 2520 1363 2592 quibus
1381 2520 1534 2575 Dominus:
1560 2519 1634 2575 Sunt
1647 2519 1764 2587 puidam

130 2608 175 2658 est
199 2607 346 2676 praesentis
374 2609 509 2680 temporis
537 2609 690 2680 disputare.
706 2610 856 2680 Reliquum
871 2614 923 2676 est,
966 2609 998 2662 de
1021 2609 1066 2662 lu'c
1087 2610 1242 2663 astantibus
1267 2610 1372 2677 (lustin.
1397 2612 1474 2675 xvv),
1496 2614 1525 2662 et
1539 2607 1594 2662 alio
1609 2607 1687 2661 loco:
1706 2607 1766 2662 Etc-

128 2693 241 2764 utquid
256 2694 331 2750 inter
344 2697 569 2752 colluctationem
584 2697 677 2752 carnis
691 2702 721 2752 et
734 2697 889 2767 sanguinis,
898 2703 928 2753 et
968 2698 1029 2749 nim
1036 2697 1088 2764 pide
1097 2700 1176 2751 statis
1186 2696 1226 2768 (11
1235 2698 1295 2752 Cor.
1311 2697 1552 2768 1);etPsalmista
1567 2715 1573 2749 :
1590 2697 1708 2763 Statuit,
1724 2694 1767 2749 in·

128 2778 205 2835 inter
218 2787 343 2838 rectores
356 2783 536 2840 tenebrarum
545 2785 665 2840 istarum
680 2790 710 2840 et
722 2784 862 2857 spiritalia
875 2801 925 2840 ne·
968 2789 1038 2856 quit,
1048 2801 1134 2854 supra
1147 2790 1257 2855 petram
1276 2787 1353 2856 pedes
1364 2802 1435 2840 meos
1452 2787 1532 2856 (Psoi.
1549 2794 1651 2843 xxxvxl.
1666 2784 1767 2839 Tertia

129 2868 264 2940 qaiuain
278 2871 437 2927 coelestibus
451 2873 497 2940 sit,
514 2873 544 2928 in
558 2872 667 2928 duobus
677 2874 751 2945 apud
761 2874 926 2946 Apostolum
967 2889 1080 2945 quoque
1093 2873 1286 2945 aquibusdam
1300 2875 1496 2946 interpretatio
1505 2872 1713 2940 subinducitur,
1725 2871 1768 2927 di-

129 2957 305 3015 maniiestius
312 2961 453 3017 discamus
469 2962 639 3033 agminibus.
655 2962 773 3027 Quando
783 2962 858 3017 enim
867 2963 929 3017 vult
968 2961 1095 3016 centibus
1111 2980 1117 3015 :
1139 2978 1196 3017 non
1210 2979 1294 3018 omne
1314 2963 1461 3018 adversum
1476 2961 1619 3017 diabolum
1634 2960 1778 3033 praelium¹

130 3043 269 3103 humanas
278 3050 458 3119 tentationes,
479 3051 531 3106 hoc
541 3056 584 3106 est
597 3051 824 3106 colluctationem
833 3052 927 3107 carnis
936 3024 959 3086 G
968 3050 1151 3116 moriellniri,
1167 3051 1216 3106 sed
1223 3068 1286 3106 cum
1295 3052 1330 3106 de
1338 3051 1438 3106 seculo
1450 3051 1504 3106 isto
1519 3051 1683 3116 exierimus,
1697 3055 1769 3105 tunc

131 3139 161 3188 et
173 3133 467 3208 anguinis'indicare,
480 3139 636 3212 despiciens
647 3156 695 3195 eas
700 3145 786 3212 atque
799 3146 927 3195 contem-
967 3136 1048 3193 nobis
1061 3138 1124 3192 forti
1129 3155 1161 3193 us
1172 3145 1202 3193 et
1210 3138 1336 3210 apertius
1344 3138 1528 3210 presentibus
1538 3144 1638 3193 contra
1644 3153 1770 3210 praesen-

128 3237 200 3278 nens
212 3223 339 3297 loquitur
354 3245 361 3282 τ
377 3228 444 3296 Quis
463 3246 512 3283 nor
526 3231 662 3299 separabit
676 3245 694 3283 a
709 3230 844 3284 charitate
856 3230 927 3284 Dei?
967 3232 1011 3282 tes
1025 3227 1153 3282 futurum
1167 3244 1228 3283 esse
1238 3233 1396 3295 certamem
1417 3233 1446 3282 et
1460 3227 1499 3282 sic
1512 3227 1581 3282 illud
1590 3226 1665 3298 quod
1681 3227 1771 3299 paulo

133 3311 297 3382 {tihalatin
308 3333 347 3371 an
367 3321 508 3386 angustia,
525 3334 564 3372 an
575 3320 726 3388 permeatio
735 3324 748 3371 7
757 3318 843 3382 (Rom.
859 3317 927 3391 vm.)
968 3321 1035 3373 ante
1049 3316 1237 3388 exposuimus,
1249 3323 1402 3387 exponunt,
1414 3334 1500 3386 ireque
1508 3319 1667 3386 prasentia,
1680 3331 1770 3385 neque

130 3399 249 3465 Quando
261 3421 328 3459 vero
341 3405 442 3461 docere
455 3423 507 3462 nos
522 3407 581 3461 vult
589 3407 624 3461 de
631 3406 798 3462 adversariis
807 3411 928 3479 potesta-
967 3404 1770 3478 [atterorutfuturahaecdicantesse,quaepostvitammmm

129 3488 411 3558 tibus,etrectoribus
420 3494 928 3567 tenebrarum,etspiritalibusnequi-
968 3493 1771 3564 sintineundacertamina.Necnonetilludzouapropter

129 3578 216 3636 tiain
233 3581 403 3652 celestibus,
418 3583 522 3640 ababa
537 3585 616 3657 quasi
635 3585 727 3656 capite
747 3584 835 3640 sumit
848 3601 927 3640 exor-
966 3583 1772 3652 commelinianaeinnocentianamsuturoplccerciili

129 3666 209 3724 dium
223 3676 253 3725 et
267 3671 356 3727 dicit:
380 3675 476 3731 Certus
487 3691 549 3728 sam
564 3676 639 3728 enim
653 3676 721 3744 quia
736 3689 822 3742 neque
840 3689 925 3742 mors,
968 3670 1070 3740 (lldor.
1086 3673 1121 3739 v),
1136 3677 1421 3743 utpraesenstempus,
1437 3672 1510 3726 hanc
1519 3670 1770 3737 vitam,iuturum,

130 3773 216 3827 neque
227 3762 296 3827 cita,
307 3765 336 3816 et
348 3761 467 3834 reliqua.
482 3762 621 3818 Prolixius
635 3761 753 3816 forsitan
770 3778 855 3833 quam
871 3762 927 3816 lec·
967 3757 1771 3833 postmonemsignificariputentllocquoquequodnune

128 3851 177 3903 tor
187 3847 315 3917 voluerit,
331 3849 366 3905 dc
380 3851 433 3906 boc
446 3851 569 3924 capitulo
590 3851 766 3924 disputatum
793 3850 851 3905 sit:
866 3850 924 3918 sed,
968 3846 1082 3902 dicitur:
1095 3849 1129 3902 lit
1138 3852 1234 3903 omnia
1244 3853 1359 3919 operati,
1368 3856 1450 3915 stare,
1462 3847 1636 3903 adeumdem
1651 3861 1772 3901 sensum

129 3951 233 4008 queso,
244 3936 293 3993 det
300 3939 412 3994 veniam
425 3940 585 3995 difficultati
601 3940 676 3995 illius
691 3938 745 3995 loci
764 3944 793 3994 et
802 3955 928 4010 personae
969 3936 1091 3992 reserent
1101 3957 1108 3990 :
1120 3937 1200 4008 quasi
1210 3954 1267 3992 non
1277 3938 1365 4008 possit
1375 3938 1477 4010 aliquis
1486 3937 1582 3992 omnia
1591 3936 1621 3990 in
1632 3933 1770 4007 prasenti

130 4023 326 4095 Ephesiorum,
352 4027 401 4098 qui
424 4034 488 4098 post
510 4034 587 4083 artes
602 4028 726 4098 magicas
741 4028 812 4082 scire
826 4027 929 4082 debuc-
968 4025 1026 4079 vita
1032 4025 1153 4096 operari,
1161 4027 1210 4081 sed
1224 4043 1257 4080 ex
1269 4031 1349 4098 parte
1362 4027 1430 4098 quid
1439 4026 1532 4093 faciat,
1548 4025 1622 4079 sicut
1635 4041 1672 4078 ex
1686 4029 1770 4096 parte

130 4116 196 4167 rant
204 4129 223 4166 a
236 4112 338 4184 quibus
351 4114 470 4170 luissent
484 4116 636 4188 aliquando
646 4116 766 4187 decepti.
968 4113 1070 4180 videat,
1087 4119 1158 4168 etex
1166 4120 1246 4186 parte
1262 4115 1411 4187 prophetet
1422 4133 1427 4168 :
1440 4121 1469 4169 ct
1478 4121 1545 4170 tunc
1552 4113 1677 4185 perfecte
1692 4118 1771 4169 stam

166 4202 314 4270 Propterea
323 4205 439 4272 compita
451 4209 632 4259 armaturam
648 4204 705 4270 Dei,
722 4210 754 4257 ut
768 4207 877 4274 possitis
886 4219 929 4258 re·
968 4202 1140 4265 valeat,cum
1151 4203 1283 4258 universa
1296 4202 1611 4275 fueritoperatus.Alius
1625 4218 1693 4256 vero
1702 4202 1772 4256 sim-

129 4291 261 4344 sistercin
268 4291 313 4345 dic
324 4295 430 4346 marcet
440 4294 724 4362 inomnihuspersecti
733 4297 816 4346 stare.
824 4290 960 4365 (Hier.)1)
969 4290 1378 4363 pliciushaecexponit,dicens:
1397 4290 1690 4364 Ephesiosadiuturas
1704 4296 1769 4345 ten·

130 4376 212 4433 Diem
229 4377 395 4435 malumaut
404 4397 529 4453 presens
545 4386 658 4453 tempus
674 4381 806 4446 ostendit,
822 4381 858 4435 de
871 4398 927 4452 quo
967 4380 1089 4435 tationes
1099 4385 1128 4434 et
1136 4381 1355 4452 persecutiones,
1366 4397 1436 4451 quas
1442 4381 1607 4435 illisPaulus
1613 4378 1769 4451 Apostolus

128 4467 344 4539 supradixerat:
355 4471 523 4527 Redimcntcs
530 4473 782 4540 temperamentum
789 4471 846 4524 dics
857 4473 928 4525 mali
967 4473 1031 4540 post
1038 4468 1110 4522 hanc
1115 4468 1268 4540 Epistolam
1275 4470 1437 4541 prophetico
1442 4469 1544 4541 spiritu
1550 4467 1665 4523 videbat
1670 4483 1769 4540 prove·

128 4563 205 4624 sunt,
218 4564 335 4630 propter
343 4559 490 4630 angustias
508 4564 537 4614 et
546 4559 610 4613 vitae
623 4559 710 4630 hujus
722 4557 842 4625 labores,
858 4559 926 4630 quia
967 4556 1216 4623 nire,oohortariet
1226 4574 1350 4625 monere,
1362 4564 1394 4613 ut
1404 4558 1500 4613 omnia
1517 4557 1631 4623 iaciant,
1642 4573 1695 4629 per
1704 4572 1768 4628 quar

129 4659 187 4700 non
193 4645 300 4718 absque
309 4648 411 4702 sudore
421 4655 450 4704 et
463 4648 616 4703 certamine
630 4648 808 4721 pervenimus
819 4647 855 4701 ad
868 4647 927 4719 pal·
966 4645 1107 4718 possintin
1115 4646 1768 4719 lidestareldvangelii,necinpersecutionecor-

128 4748 228 4788 msm:
257 4740 308 4790 aut
333 4743 409 4792 certe
437 4737 687 4793 consummationis
709 4742 794 4808 atque
814 4736 924 4807 judicii,
967 4735 1254 4790 merezdiemautem
1264 4735 1533 4807 malampropriede
1547 4734 1767 4807 quadragesimo

127 4821 240 4895 quando
252 4822 390 4893 diabolus,
404 4825 535 4882 inimicus
549 4834 579 4882 et
586 4826 695 4893 vindex,
708 4825 738 4879 in
752 4841 865 4879 suanos
879 4841 926 4880 cu·
966 4829 1062 4878 octavo
1068 4824 1175 4895 psalmo
1189 4824 1360 4880 arbitramur
1369 4841 1429 4879 esse
1441 4840 1515 4879 nuno
1523 4829 1678 4896 sumptam.
1689 4822 1768 4879 State

123 4911 185 4984 piet
197 4918 278 4983 parte
286 4913 418 4982 retinere,
430 4915 465 4970 de
475 4932 532 4988 qua
548 4914 724 4980 liberabitur,
735 4913 783 4985 qui
793 4913 926 4984 intelligit
966 4928 1028 4980 crgo
1036 4915 1169 4968 sucancii
1181 4916 1287 4968 lumbos
1302 4919 1401 4975 uestros
1413 4916 1576 4968 inveritate.
1588 4912 1669 4977 Quod
1681 4914 1768 4984 juxta

125 5016 337 5074 superegenum
352 5010 381 5059 et
398 5020 568 5076 pauperem:
583 5007 617 5059 ln
629 5005 674 5057 die
686 5005 763 5057 enirn
774 5006 850 5057 aiala
861 5003 926 5057 libe·
965 5000 1091 5056 membra
1100 5002 1193 5056 carnis
1208 5009 1237 5057 et
1246 5001 1471 5073 corporisomnia
1481 5001 1610 5057 membra
1617 5003 1721 5058 animas
1735 5003 1767 5059 in

123 5092 273 5147 rabitcum
289 5094 425 5148 Dominus
438 5095 590 5162 (Psatxu).
608 5092 672 5146 Haec
686 5097 729 5145 est
743 5090 803 5146 dies
817 5091 852 5145 de
868 5107 925 5162 qua
965 5089 1117 5161 Scripturis
1138 5096 1274 5146 vocentur
1301 5090 1370 5144 nulli
1386 5089 1504 5146 dubium
1526 5097 1578 5158 est,
1601 5091 1636 5146 de
1660 5090 1767 5162 quibus

120 5183 152 5232 et
165 5178 221 5234 alio
236 5179 296 5236 loco
310 5180 447 5252 scriptum
463 5185 506 5234 est
526 5197 532 5232 :
553 5180 618 5233 Ecce
632 5183 705 5234 venit
727 5181 785 5234 dier
805 5182 855 5233 ira
874 5181 925 5234 lio·
964 5195 1054 5234 unum
1067 5184 1136 5251 puto
1159 5197 1220 5235 esse
1245 5181 1296 5234 boc
1312 5179 1481 5247 membrum,
1499 5182 1614 5247 lunrbor,
1631 5195 1714 5251 quos,
1732 5186 1767 5236 ut

125 5268 283 5336 minillsai.
293 5277 364 5337 xvuj;
377 5268 493 5324 etalibi:
505 5269 567 5322 Ilios
577 5270 774 5323 enimbornini
780 5270 925 5322 iruoiiair'-
965 5268 1146 5339 accingamus
1159 5269 1287 5335 veritato,
1304 5269 1474 5340 precipitur.
1491 5269 1633 5340 Scriptum
1645 5275 1768 5342 estquo-

126 5355 162 5408 lis
175 5356 540 5427 eenrhtsurorirctiratlsai.
552 5357 643 5426 axin),
655 5361 684 5410 et
692 5372 819 5411 rursum:
834 5359 871 5410 l'a
881 5358 925 5410 dc
966 5371 1020 5427 que
1034 5356 1064 5410 in
1082 5356 1233 5428 Evangelio
1250 5352 1318 5408 κατὰ
1340 5351 1463 5410 Λουκᾶνε
1482 5357 1547 5413 Sint
1569 5358 1660 5412 lambi
1678 5362 1767 5415 castri

124 5441 925 5514 adnantibmdiemliomr‘ni:utquidoobr'sdiemliomini
964 5447 1090 5511 accincti,
1116 5451 1140 5499 et
1156 5449 1276 5500 lucane
1302 5446 1429 5499 ardentes
1456 5448 1489 5500 in
1515 5447 1646 5501 manibus
1664 5451 1767 5504 rutra

125 5532 214 5592 ettae
226 5538 264 5590 nt
278 5533 392 5601 tamira
404 5540 431 5591 ct
441 5549 500 5590 non
514 5536 564 5589 tua
577 5533 829 5609 maenomenon
842 5535 869 5587 si
877 5534 922 5600 sa·
965 5535 1037 5605 (luc.
1051 5536 1107 5606 xu).
1120 5533 1194 5598 Quia
1205 5533 1294 5604 igitir
1305 5531 1395 5588 lumbi
1405 5534 1435 5588 in
1447 5534 1633 5606 generatione
1647 5551 1765 5610 semper
