3772 6120
140 267 214 329 titt
443 265 476 320 B·
494 262 633 329 malti
650 261 767 329 uiam
783 262 954 327 mouile.
970 261 1136 331 llOGUN'l'.
1154 261 1303 321 orantur
1319 261 1415 331 PARS
1431 261 1483 317 ΙΙΙ·
1712 259 1778 330 llll

143 393 246 451 timore
258 411 265 459 3
277 392 327 449 aed
341 390 491 461 accepistis
509 389 641 460 spiritam
655 388 823 461 adoptionis,
842 389 872 443 in
887 392 973 461 quob
983 388 1054 445 dixi:
1065 388 1109 442 Dii
1125 388 1192 442 estis
1210 390 1299 453 (ioan.
1317 392 1357 457 x).
1371 407 1384 442 ι
1399 388 1435 445 Et
1447 389 1553 447 iterum
1567 406 1573 440 :
1590 406 1601 438 c·
1617 388 1694 447 Deus
1707 389 1778 443 stetit

143 482 312 539 damaruus:
329 479 417 544 Abba,
433 481 518 535 Pater
536 481 622 544 (liora.
642 483 698 547 rm)
712 495 745 533 :r
762 478 827 548 quia
843 479 942 533 eodem
983 477 1238 547 incongregatione
1248 477 1375 531 deorum.
1391 496 1402 531 ι
1416 478 1470 533 Sed
1479 477 1518 545 hi,
1528 477 1656 549 quamvis
1670 493 1779 549 capaces

142 570 245 642 spirita
260 570 320 635 Dei,
330 570 360 625 id
375 576 427 634 est,
439 569 526 639 digito
541 568 601 635 Dei,
618 585 672 638 quo
688 570 731 622 lex
746 569 776 622 in
789 567 892 621 tribulis
905 568 944 620 la·
984 566 1042 620 sint
1053 566 1114 631 Dei,
1124 567 1213 621 ethoc
1223 567 1337 620 nomine
1355 566 1453 623 donari
1466 566 1654 643 pergratiam
1671 566 1778 627 videan-

143 659 233 732 pideis
254 659 412 730 conscripta
430 665 482 722 est,
500 657 586 713 timm
615 658 743 713 incussus
767 664 810 711 est
832 657 872 711 eis
895 657 943 727 qui
984 656 1253 721 tur,nullustaiuen
1268 656 1327 713 Deo
1344 656 1445 711 similis
1464 656 1618 723 invenitur,
1634 655 1678 708 rel
1690 655 1722 721 ip
1738 672 1779 727 po

141 748 265 821 ςιιιῑιιιιιι
274 748 400 805 nondum
411 746 616 817 intelligebant,
627 755 659 803 ut
673 746 707 801 de
718 745 943 803 suainiirmitate
984 744 1082 811 tentia,
1100 745 1141 799 rel
1152 745 1182 799 in
1192 749 1308 812 natura3
1327 751 1355 799 at
1365 744 1432 813 licet
1445 746 1569 809 loannes
1583 744 1728 817 apostolus
1740 744 1777 801 di·

143 837 356 909 atquepercatis
366 853 416 908 per
430 837 521 906 legem
531 835 772 897 convincerentur,
790 840 819 888 ot
832 836 875 889 lex
887 834 943 888 illis
984 841 1043 889 cat:
1061 855 1074 881 u
1091 834 1113 889 F
1114 833 1193 901 ilioli,
1203 834 1327 901 nondum
1339 834 1518 906 scimusquid
1528 833 1617 889 futrui
1634 849 1747 889 sumus:
1765 860 1776 884 ιι

142 927 225 983 derat
238 927 415 998 padagomis.
439 942 494 996 quo
514 925 735 996 perducerentur
754 923 789 978 ad
807 924 939 993 gratiam,
983 924 1007 983 si
1019 929 1115 977 autem
1128 923 1269 979 revelatus
1282 922 1363 979 uobis
1376 922 1471 989 suerit,
1487 923 1522 977 de
1541 922 1664 981 Domino
1679 922 1779 977 scilicet

142 1031 206 1087 quae
223 1015 311 1071 estin
329 1015 384 1069 lide
395 1016 461 1068 lesu
477 1013 592 1069 Christi.
608 1014 648 1069 De
663 1014 715 1066 hoc
729 1018 825 1067 autem
841 1012 941 1083 spiritu
983 1011 1086 1071 dicens,
1098 1012 1233 1066 similesei
1242 1012 1356 1065 erimus.
1370 1011 1530 1067 Similitudo
1541 1011 1714 1075 tamenhaec,
1726 1028 1778 1066 uon

141 1104 301 1176 adoptionis
315 1110 343 1161 et
354 1104 462 1170 gratiae,
479 1102 506 1156 id
522 1108 573 1162 est,
599 1103 634 1155 de
655 1102 707 1156 boc
725 1119 809 1172 opere
826 1102 941 1172 spiritus
982 1101 1017 1155 ad
1032 1108 1172 1156 naturam,
1186 1101 1234 1154 sed
1246 1101 1279 1155 ad
1293 1101 1416 1171 gratiam
1429 1107 1593 1156 revocatur:
1609 1100 1684 1155 verbi
1700 1117 1779 1156 causa

142 1193 202 1257 Dei,
220 1209 275 1264 quo
296 1193 458 1264 impertitur
471 1193 563 1261 gratia
578 1198 606 1245 et
620 1191 796 1260 regeneratio
811 1193 840 1244 in
856 1191 940 1245 vitam
982 1195 1014 1245 ut
1029 1190 1052 1243 si
1078 1191 1213 1257 dicamus,
1233 1190 1371 1261 picturam
1388 1190 1509 1244 similem
1525 1207 1587 1244 esse
1615 1191 1688 1263 eiua,
1704 1192 1779 1260 cujus

140 1288 286 1341 aoernam,
309 1282 427 1335 dicitnr:
455 1302 465 1331 ι
491 1281 615 1351 Spiritus
634 1286 728 1335 autem
754 1280 943 1339 stridentia
981 1279 1074 1351 imago
1086 1279 1115 1332 in
1129 1280 1240 1350 pictura
1250 1279 1360 1335 ridetur
1370 1280 1780 1351 expressazquantumadgra-

140 1371 204 1437 qu.
216 1370 267 1439 ιιι),
288 1391 299 1423 ιι
315 1387 378 1425 cum
393 1385 480 1439 supra
492 1369 642 1433 diceretur,
661 1392 673 1419 ι
692 1369 785 1423 littera
798 1367 907 1431 occidit,
928 1390 938 1417 ιι
982 1368 1051 1423 tiam
1062 1368 1185 1439 pertinet
1194 1369 1268 1423 visus
1276 1368 1376 1423 similis
1387 1369 1499 1431 dicitur,
1511 1374 1652 1441 quantum
1667 1368 1702 1423 ad
1717 1367 1778 1423 sub

140 1459 170 1517 id
179 1464 231 1523 est,
242 1459 400 1529 conscripta
416 1458 612 1515 tautummodo
619 1457 789 1528 jubenssine
800 1457 940 1527 adjutorio
982 1456 1623 1528 stantiam,longedissimilislllaenimspecies
1632 1456 1728 1515 carnis
1741 1468 1779 1511 est

139 1547 247 1617 gratiae.
258 1547 468 1605 Demersisunt,
487 1547 587 1616 inquit,
604 1552 738 1616 tanquam
755 1544 940 1617 plumbumiii
980 1552 1010 1600 et
1024 1546 1148 1617 corporis
1163 1546 1224 1609 riri,
1242 1545 1297 1599 ista
1309 1546 1435 1607 colorum
1450 1545 1529 1601 fucus
1542 1551 1595 1611 est,
1616 1552 1646 1600 et
1664 1562 1729 1601 cera
1738 1551 1779 1600 ta-

139 1653 244 1708 aquam
255 1636 473 1701 validissimam
495 1641 654 1706 peccatores
662 1652 762 1706 graves
772 1642 848 1700 sunt,
860 1635 940 1689 deni-
982 1634 1055 1690 bulis
1067 1652 1151 1689 sensu
1167 1635 1328 1689 carentibus
1347 1635 1533 1706 superposita.
1551 1635 1656 1690 Nullus
1672 1651 1739 1705 ergo
1752 1634 1778 1689 ιιι

140 1742 196 1797 quo
206 1733 235 1780 et
248 1725 383 1795 iniquitas
392 1742 476 1795 super
486 1725 622 1779 talentum
629 1724 735 1795 plumbi
746 1725 843 1778 sedere
858 1710 1033 1783 raon-Billis
1047 1724 1146 1778 similis
1160 1724 1290 1788 Domino,
1307 1724 1402 1778 nullus
1417 1725 1493 1778 enim
1515 1723 1673 1783 invisibilis,
1689 1725 1779 1785 nullus

141 1818 256 1879 stratur,
273 1815 346 1867 sicut
360 1814 508 1867 Zacharias
523 1813 749 1884 prophetadicit:
770 1832 781 1863 ι
799 1813 872 1877 Vidi,
894 1813 938 1866 in·
979 1813 1169 1884 incorporeus,
1183 1813 1376 1880 immutabilis,
1394 1813 1488 1868 nullus
1503 1814 1565 1867 sine
1581 1813 1665 1872 initio
1684 1821 1713 1867 et
1724 1813 1779 1867 sine

140 1903 212 1973 quit,
220 1903 368 1959 mulierem
377 1902 521 1959 solantem
537 1920 622 1973 super
632 1903 769 1959 talentum
780 1900 897 1972 plumbi,
911 1907 939 1954 et
979 1904 1044 1969 tine,
1061 1903 1156 1957 nullus
1171 1910 1281 1961 creator
1303 1903 1439 1967 omnium,
1463 1903 1516 1956 nisi
1532 1904 1619 1961 Pater
1634 1919 1698 1956 cum
1714 1902 1779 1959 Filio

139 1991 207 2057 dixi,
228 2008 290 2062 quae
314 1998 357 2047 est
378 1992 459 2046 haecl
474 1997 502 2047 et
519 1991 673 2061 respondit,
693 1989 829 2060 iniquitas
846 1991 935 2058 (Zocb.
979 1998 1008 2047 et
1021 1992 1127 2063 Spiritu
1142 1998 1249 2055 sancto,
1268 1992 1316 2063 qui
1331 1992 1399 2047 iacit
1414 1991 1556 2048 mirabilia
1569 1992 1657 2047 solus.

138 2078 176 2151 ιι).
195 2100 206 2137 ι
228 2081 297 2137 lnde
320 2087 363 2137 est
387 2097 463 2151 ergo,
486 2081 560 2150 quod
586 2080 675 2150 iniqui
688 2079 809 2133 demersi
823 2086 890 2133 sunt
908 2079 937 2135 ιιι
1016 2101 1030 2135 c
1047 2081 1326 2137 Extendistimanum
1337 2087 1456 2135 tuamet
1468 2081 1854 2135 devorariteostena.›-

139 2168 318 2241 protundum,
335 2170 408 2225 sicut
429 2169 574 2240 plumbum
598 2170 628 2224 iu
648 2186 721 2240 aqua
746 2169 934 2225 validissima:
979 2171 1065 2225 Terra
1075 2187 1125 2241 pro
1135 2187 1209 2240 aqua
1218 2170 1353 2225 nimirum
1366 2175 1409 2225 est
1418 2170 1519 2242 posita,
1530 2174 1592 2235 tota
1602 2168 1708 2243 quippe
1719 2186 1859 2239 par=i

54 2261 57 2265 '
138 2258 229 2325 amicti
242 2265 338 2313 autem
348 2275 403 2313 non
414 2259 628 2328 demerguntur,
639 2259 687 2311 sed
697 2256 845 2313 ambulant
853 2274 937 2328 super
978 2258 1033 2313 ista
1047 2264 1180 2322 extrema,
1194 2259 1235 2313 rel
1252 2258 1363 2313 infirma
1381 2257 1479 2315 mundi
1492 2262 1574 2311 terra
1586 2257 1703 2313 nomine
1717 2274 1861 2311 cen—-

137 2363 238 2419 aquas,
249 2348 317 2418 quia
327 2348 400 2403 leves
413 2354 489 2413 sunt,
505 2354 534 2401 et
543 2348 648 2418 peccati
667 2347 788 2418 pondere
805 2364 860 2400 non
870 2363 936 2416 gra·
977 2354 1065 2409 setar,
1080 2347 1234 2401 secundum
1257 2347 1286 2401 id
1309 2347 1383 2418 quod
1397 2364 1471 2419 saepe
1485 2346 1589 2407 dicitur
1606 2366 1611 2399 :
1632 2347 1720 2411 Deus,
1735 2351 1864 2419 qu-i

37 2442 40 2447 ’
139 2442 250 2493 rantur.
267 2436 393 2507 Denique
408 2437 543 2493 Dominus
558 2442 586 2489 et
609 2437 736 2491 Salvator
752 2453 836 2506 super
850 2452 938 2506 aquus
978 2436 1044 2490 iecit
1054 2437 1154 2491 coelum
1170 2443 1199 2490 et
1219 2444 1335 2489 terram.
1352 2436 1386 2499 Et
1400 2436 1428 2489 in
1442 2435 1517 2491 illius
1531 2435 1635 2506 psalmi
1651 2435 1866 2497 aaaron..

138 2524 300 2584 ambulavit.
311 2526 373 2596 lpse
386 2526 462 2581 enim
477 2532 528 2592 est,
545 2525 666 2596 quivere
680 2532 823 2596 peccatum
839 2524 935 2580 nescit.
978 2525 1054 2579 tione
1062 2524 1470 2581 connuemoratisccelestibus:
1491 2543 1503 2575 c
1522 2524 1661 2591 Laudate,
1678 2524 1867 2597 inquiam,

137 2612 300 2673 ambulavit
307 2620 336 2669 et
348 2615 501 2685 discipulus
516 2617 577 2684 ejus
592 2615 701 2680 Petrus,
717 2615 782 2669 licet
793 2615 937 2685 paululum
978 2616 1128 2671 llominuni
1141 2614 1175 2667 de
1191 2622 1267 2668 terra
1285 2616 1367 2678 (Psoi.
1379 2617 1495 2682 cxcviii),
1512 2634 1526 2665 u
1552 2620 1581 2667 et
1596 2629 1632 2669 ea
1651 2614 1868 2685 exsequii-

138 2702 337 2773 tnepidauerit:
358 2704 502 2759 nonenim
517 2709 613 2758 tantus
628 2709 689 2759 erat
704 2710 731 2757 et
741 2704 814 2767 talis,
831 2703 879 2773 qui
892 2703 936 2756 ni-
977 2703 1232 2777 turinlaude,quae
1242 2703 1328 2757 etiam
1340 2702 1473 2777 adaquas
1485 2703 1659 2775 pertineant.
1677 2704 1869 2777 Impietas

136 2791 177 2846 hil
201 2792 316 2845 omnino
339 2791 374 2847 de
395 2793 488 2862 specie
512 2793 619 2862 plumbi
645 2793 673 2848 ιιι
696 2810 727 2847 se
748 2792 865 2847 haberet
887 2792 937 2846 ad·
978 2792 1091 2863 quidem
1100 2798 1128 2846 et
1137 2791 1341 2847 hodiederorat
1353 2791 1751 2863 terra3autnontibividetur
1855 2814 1869 2863 a

139 2879 264 2943 mittum.
283 2879 396 2945 Habuit,
409 2881 475 2935 licet
489 2897 599 2952 parum,
612 2882 809 2952 propterquod
819 2881 887 2935 dicit
901 2881 935 2934 ad
977 2881 1191 2937 terraderorari
1207 2881 1263 2945 ille,
1281 2882 1329 2952 qui
1340 2898 1451 2953 semper
1470 2882 1504 2935 de
1518 2888 1597 2935 terra
1612 2882 1828 2959 cogitatas*
1842 2888 1866 2955 μ’

139 2983 204 3025 eum
219 2968 368 3029 Dominus:
388 2988 401 3019 c
419 2970 532 3026 Modica
550 2971 625 3036 lidei,
642 2987 728 3040 quare
743 2970 877 3025 dubitasti
892 2969 904 3022 'l
922 2989 933 3022 ι)
978 2986 1089 3039 semper
1102 2975 1229 3033 terrenos
1242 2968 1328 3023 habet
1340 2976 1428 3034 actus,
1442 2969 1490 3040 qui
1505 2969 1540 3027 de
1551 2976 1631 3023 terra
1644 2970 1755 3041 loquitu
1778 2992 1863 3044 qr,

139 3057 247 3127 walth.
278 3068 343 3125 xiv.)
369 3059 474 3115 Idcirco
509 3058 604 3129 igitur,
634 3060 682 3129 qui
706 3059 798 3113 salvus
821 3062 862 3121 lit,
887 3031 1012 3129 perfide
1025 3064 1102 3113 terra
1121 3058 1223 3128 litigat,
1239 3066 1345 3111 terram
1364 3058 1506 3119 desiderat
1520 3063 1549 3111 et
1571 3075 1690 3113 omnem
1703 3076 1753 3131 spe
1771 3082 1860 3123 ξω

138 3146 234 3217 ignem
251 3147 343 3203 salim
361 3147 400 3207 iit,
419 3153 451 3203 ut
462 3146 486 3199 si
511 3147 576 3218 quid
592 3148 663 3202 l'orte
675 3148 709 3203 de
724 3148 815 3218 specie
830 3147 936 3218 plumbi
978 3164 1058 3211 suam
1068 3147 1147 3219 ponit
1157 3147 1186 3201 in
1196 3152 1282 3213 terra,
1304 3147 1352 3217 qui
1362 3148 1397 3201 ad
1407 3147 1508 3202 coelurn
1524 3164 1582 3201 non
1599 3148 1725 3220 respicit,
1735 3156 1857 3225 q-gm'

113 3272 116 3277 -
139 3233 475 3299 moeniadmistumnd
487 3236 559 3305 ignis
572 3237 709 3307 decoquat
723 3243 751 3291 et
766 3237 894 3303 resolvat,
906 3244 937 3291 ut
978 3236 1073 3291 futura
1086 3252 1142 3291 non
1156 3235 1271 3306 cogitat,
1278 3234 1326 3307 qui
1334 3235 1471 3305 judicium
1480 3236 1529 3291 Ilei
1539 3253 1597 3301 non
1608 3238 1722 3299 muniit,
1733 3254 1853 3301 ria-ac

135 3323 405 3402 'afficianurromnes
419 3342 519 3383 aurum
531 3325 635 3381 bonum
646 3344 651 3380 :
664 3326 731 3396 quia
744 3342 846 3381 aurum
855 3333 937 3384 terrae
979 3325 1061 3380 beata
1075 3326 1136 3395 eius
1152 3324 1290 3395 promissa
1302 3323 1452 3389 desiderat,
1468 3324 1517 3379 sed
1531 3341 1646 3405 semper
1660 3327 1697 3380 de
1711 3343 1847 3399 prr-a»-

139 3413 215 3473 ubas
225 3412 329 3469 bonum
344 3430 405 3471 esse
419 3414 523 3469 dicitur
533 3432 617 3485 quam
633 3415 786 3473 habitaturi
800 3422 867 3470 sunt
876 3433 938 3471 san·
979 3413 1104 3469 sentibus
1119 3413 1223 3483 cogitat
1234 3418 1262 3466 et
1276 3419 1390 3489 terrena
1401 3413 1524 3486 suspirat
1534 3414 1545 3466 l
1554 3415 1653 3471 Talem
1665 3432 1730 3473 cum
1742 3421 1843 3474 Ἶι-

140 3502 193 3570 οιι;
208 3509 238 3559 et
251 3502 325 3559 sicut
339 3502 437 3558 fornax
452 3503 551 3573 prohat
570 3520 681 3569 aurum,
693 3504 733 3558 ita
752 3505 878 3560 homines
890 3507 938 3575 J'u·
979 3502 1063 3568 deris,
1082 3502 1176 3565 dicito,
1191 3502 1258 3573 quia
1273 3502 1416 3557 devoravit
1429 3520 1495 3559 eum
1510 3509 1588 3559 terra
1608 3523 1614 3572 ;
1640 3504 1692 3560 sed
1720 3510 1838 3563 etsi

141 3597 200 3651 sios
216 3591 345 3650 tentatio.
380 3592 555 3648 Veniendum
584 3598 628 3646 est
655 3610 721 3664 ergo
751 3594 880 3649 omnibus
903 3595 939 3649 ad
981 3609 1063 3662 quem
1075 3591 1177 3646 rideris
1189 3591 1404 3647 luxuriaecarnis
1414 3599 1443 3647 et
1452 3592 1644 3665 voluptatibus
1658 3610 1785 3667 corpe>
1800 3597 1835 3663 ris

141 3681 246 3751 ignem
260 3681 426 3739 ¹:leniendum
441 3688 484 3735 est
499 3682 534 3734 ad
548 3682 753 3737 conflatorium.
771 3684 856 3738 Sedet
864 3684 939 3737 enim
980 3680 1117 3748 deditum,
1135 3680 1163 3734 in
1183 3697 1238 3751 qno
1260 3680 1372 3735 animus
1387 3680 1459 3736 nihil
1474 3681 1557 3747 valet,
1575 3683 1624 3736 sed
1640 3690 1733 3747 totum
1804 3683 1831 3737 li-

142 3770 279 3833 Dominus
295 3776 324 3825 et
336 3770 448 3836 conflat,
466 3777 494 3824 et
504 3777 606 3841 purgat
617 3771 688 3837 filios
703 3772 784 3826 luda.
807 3773 859 3827 Sed
875 3773 940 3826 illuc
980 3770 1045 3823 bido
1060 3770 1152 3823 carnis
1162 3769 1291 3832 obtinuit,
1304 3770 1389 3824 dicito
1405 3778 1434 3823 et
1443 3771 1477 3823 de
1487 3770 1549 3837 hoc,
1563 3771 1632 3841 quia
1641 3771 1830 3831 devorarit

143 3874 207 3923 crini
217 3858 336 3924 venitur,
345 3858 369 3913 si
382 3859 429 3929 qui
445 3860 533 3917 multa
543 3876 628 3930 opera
640 3859 722 3923 bona,
735 3868 764 3915 et
773 3877 871 3931 parum
887 3861 939 3915 ali-
981 3875 1045 3913 eum
1057 3858 1256 3913 terraildhuc
1267 3864 1423 3923 memoret,
1437 3859 1576 3931 quodait:
1595 3880 1607 3911 ι
1628 3861 1770 3919 Extend-
1777 3858 1830 3912 isti

143 3947 212 4018 quid
235 3947 392 4017 iniquitatis
416 3948 552 4011 attulerit,
584 3949 651 4003 illud
681 3966 780 4019 parum
805 3956 940 4020 tanquam
981 3948 1124 4001 dexteram
1139 3952 1218 4003 tuam
1230 3954 1259 4001 et
1270 3947 1559 4014 devorariteosterra,
1576 3970 1586 4000 ι
1606 3951 1689 4020 quasi
1699 3956 1734 4005 ut
1794 3947 1832 3999 de-

143 4032 290 4105 plumbum
304 4034 368 4104 igne
382 4036 531 4091 resolvitur
545 4052 577 4089 ac
592 4045 736 4107 purgatur,
747 4044 776 4092 et
790 4043 880 4092 totum
895 4056 939 4091 re·
982 4042 1117 4091 vorentur
1131 4052 1147 4090 a
1163 4043 1248 4102 terra,
1269 4037 1328 4090 haec
1351 4052 1436 4091 causa
1458 4036 1551 4103 fuerit,
1569 4039 1645 4109 quod
1661 4048 1756 4093 extet
1767 4033 1836 4087 :rd'n

144 4128 242 4183 manet
256 4139 356 4177 aurum
369 4140 480 4193 purum,
493 4125 555 4179 etsi
571 4126 617 4195 qui
634 4126 770 4196 plusilluc
780 4127 887 4197 plumbi
896 4128 943 4181 de·
984 4125 1119 4181 Dominus
1132 4125 1275 4179 dexteram
1290 4142 1371 4180 suam
1392 4144 1398 4177 :
1420 4127 1443 4179 si
1455 4127 1625 4194 consideres,
1643 4145 1733 4199 quom
1768 4121 1839 4175 *lid

145 4211 253 4278 hilarii,
261 4211 324 4286 plus
338 4213 473 4278 exuritur,
490 4219 521 4267 ut
539 4215 661 4284 amplius
674 4216 855 4286 decoquatur,
873 4224 905 4271 ut
918 4217 942 4269 si
984 4215 1120 4272 llorninus
1134 4215 1272 4269 exaltatus
1285 4215 1315 4270 in
1324 4231 1406 4269 cruce
1415 4221 1475 4270 tota
1489 4215 1533 4269 die
1543 4216 1670 4273 extendit
1685 4220 1845 4273 rur-..Mt

145 4315 246 4371 parum
259 4299 365 4370 aliquid
381 4301 443 4354 auri
459 4302 569 4372 purgati
589 4310 684 4357 tamen
698 4303 820 4357 resideat
842 4323 848 4369 3
869 4305 942 4374 quod
984 4319 1050 4359 suas
1065 4304 1099 4357 ad
1110 4303 1309 4373 populumnon
1319 4303 1479 4357 credentem
1490 4308 1520 4359 et
1531 4305 1851 4365 contradicens-21⁰2

145 4388 171 4457 qi
193 4388 295 4459 aliquis
311 4388 377 4447 illuc
396 4395 472 4447 lotus
490 4392 637 4463 plumbeus
652 4392 767 4453 venerit,
784 4394 833 4448 liet
846 4393 881 4447 de
895 4391 1015 4448 illollet
1023 4392 1145 4464 qualiter
1158 4392 1299 4447 inlidelem
1310 4392 1662 4465 populuni,quiclamarit,
1673 4378 1860 4451 ,cr-:uir

147 4477 201 4546 hoc
219 4477 294 4548 quod
308 4478 444 4550 scriptum
460 4485 519 4535 est:
541 4499 553 4533 ι
571 4481 750 4549 Demergitur
762 4481 790 4537 in
806 4481 943 4553 profundo
986 4482 1184 4553 sigo,crucilige
1194 4498 1268 4549 eum,
1280 4501 1292 4531 ι
1302 4498 1377 4535 mors
1391 4481 1727 4557 admissiscelerisoppre
1769 4465 1865 4529 gss'o,

146 4572 281 4637 tanquam
298 4567 443 4637 plumbum
454 4568 484 4623 in
500 4586 574 4639 aqua
588 4569 767 4625 validissima.
784 4591 794 4621 ι
986 4570 1257 4626 evidenterinrenies
1267 4570 1406 4640 quomodo
1416 4570 1542 4625 extendit
1551 4571 1699 4637 dexteram
1706 4586 1759 4627 st
1777 4562 1872 4617 zum

186 4673 199 4705 ιι
215 4655 283 4721 Quis
298 4656 397 4713 similis
408 4658 450 4711 tui
466 4657 495 4711 in
508 4658 636 4721 fortibus,
656 4659 787 4713 Domine?
798 4660 945 4730 quissimi·
986 4666 1015 4715 et
1030 4659 1173 4713 devoravit
1188 4659 1251 4714 illos
1265 4666 1351 4715 terra
1368 4660 1426 4714 Nec
1445 4666 1541 4714 tamen
1556 4662 1672 4733 penitus
1687 4663 1732 4717 de·
1749 4653 1875 4713 2359*

107 4806 112 4813 ,
150 4762 163 4804 r
189 4743 224 4803 lis
244 4744 287 4799 tui
310 4746 474 4815 magnificus
493 4747 522 4802 ιιι
546 4748 702 4810 salictitate,
714 4747 848 4805 terribilis
860 4755 945 4820 atque
986 4748 1107 4806 randum
1123 4755 1189 4802 est:
1217 4746 1349 4819 possibile
1363 4765 1485 4822 namque
1503 4754 1600 4815 estut,
1616 4750 1641 4805 si
1655 4752 1826 4809 sorte&
1839 4742 1878 4825 ιε’

151 4848 164 4887 c
184 4831 342 4899 laudabilis,
367 4840 395 4888 ot
416 4833 520 4891 iaciens
544 4836 704 4891 mirabilia?
731 4860 741 4885 ιι
757 4837 821 4893 Alia
838 4838 942 4893 editio:
987 4837 1113 4908 sipiscat,
1126 4836 1174 4907 qui
1188 4837 1395 4904 devoratusest,
1408 4839 1746 4911 rursumpossiterorni„
1785 4828 1876 4889 1αιωο.

151 4940 164 4975 ι
185 4920 254 4989 Quis
268 4922 368 4979 similis
382 4922 432 4979 tibi
445 4924 474 4977 in
485 4925 548 4989 diis,
565 4925 692 4987 Domine,
705 4927 768 4996 quis
785 4927 884 4981 similis
894 4927 945 4983 tihi
987 4933 1020 4983 ut
1029 4928 1124 4981 lonas.

148 5009 288 5081 ebriosus
302 5012 332 5067 in
347 5012 461 5079 sanctis,
486 5013 621 5068 mirabilis
635 5014 664 5069 in
680 5016 885 5084 majestatibus,
904 5016 946 5073 fa·
1025 5036 1035 5063 ιι
1053 5014 1200 5071 Duxfuisti
1211 5015 1240 5068 in
1255 5016 1633 5089 misericordiatuapopulo,
1651 5013 1863 5092 quernffllffi

149 5098 226 5169 sient
241 5100 389 5173 prodigia?
406 5121 416 5151 ι
433 5102 511 5165 Quod
524 5102 608 5156 dicit:
627 5121 639 5155 c
657 5102 725 5166 Quis
739 5104 840 5158 similis
854 5104 904 5159 tibi
917 5104 946 5160 in
991 5125 1003 5157 r
1018 5105 1141 5171 demisti,
1156 5112 1184 5160 et
1200 5104 1316 5176 portasti
1330 5105 1434 5167 eumin
1446 5105 1613 5161 tortitudine
1626 5116 1679 5165 tua
1691 5090 1851 5168 βίω·

150 5186 234 5255 dili.»
247 5190 339 5249 sivein
354 5189 481 5256 sortibus,
494 5208 550 5246 non
559 5191 718 5247 simulacris
727 5193 855 5263 gentium
870 5211 946 5248 com·
992 5215 1002 5247 ι
1020 5193 1172 5250 bitaculum
1187 5199 1314 5253 sanctum
1327 5200 1418 5248 tuum.
1435 5220 1445 5243 ιι
1467 5195 1521 5259 Pro
1538 5212 1594 5265 quo
1607 5197 1690 5269 juxta
1705 5181 1839 5251 wan

150 5284 233 5349 parat
242 5278 341 5347 Deum,
354 5296 405 5335 nec
419 5280 601 5346 damonibus,
619 5282 666 5351 qui
682 5282 734 5337 sibi
749 5282 818 5337 falso
831 5283 947 5336 deorum
990 5282 1263 5352 editionemlegitur:
1276 5301 1290 5331 a
1299 5282 1467 5338 Gubernasti
1474 5284 1588 5353 iustitia
1597 5270 1825 5359 tuapopiJJWl'

150 5364 209 5429 aire
223 5365 337 5425 sortium
351 5385 452 5423 nomen
468 5378 618 5440 usurpant:
641 5372 689 5427 sed
711 5372 777 5426 deos
792 5371 855 5427 illos
869 5372 945 5427 dicit.
990 5379 1070 5427 tuum
1087 5373 1169 5439 hunc,
1186 5388 1270 5442 quem
1287 5372 1441 5427 redemisti.
1459 5372 1629 5429 Exhortatus
1644 5391 1675 5429 es
1690 5375 1718 5431 in
1766 5361 1817 5417 rir-

152 5452 473 5524 quipergenorationem
489 5466 517 5511 et
533 5460 775 5531 participationem
791 5461 840 5515 [lei
855 5462 948 5532 appel·
989 5467 1049 5514 tute
1071 5468 1130 5529 tua,
1152 5468 1180 5514 et
1199 5461 1228 5514 in
1250 5461 1400 5517 reiectione
1422 5468 1520 5517 sancta
1542 5469 1602 5519 tua.
1620 5485 1631 5514 ι
1653 5458 1814 5523 pominus

152 5541 350 5611 lauturdii‚de
361 5544 462 5617 quibus
476 5556 504 5607 et
516 5548 581 5603 alibi
599 5549 745 5623 Scriptura
760 5549 843 5605 dicit:
862 5570 872 5601 ι
890 5551 947 5621 Ego
989 5539 1814 5625 populurn,quemliberavitperistromata,restitneratioui-⁸2¹
