3772 6120
58 296 139 357 ¹225
498 296 546 352 DII
566 295 842 353 ECCLESIAS'I‘ICA
860 296 1077 354 DISCIPLINA.
1099 328 1130 341 -
1152 301 1220 356 LIB.
1241 302 1278 356 II.
1635 300 1706 363 1226

57 421 106 478 Ia·
119 422 236 489 Christi,
247 422 426 478 nominantes
443 421 557 493 quidem
573 421 726 485 Christum,
741 421 790 476 sed
806 435 862 476 non
873 425 893 481 A
904 421 999 477 lamin
1013 440 1069 493 qua
1086 424 1291 480 illecrucihxus
1303 430 1347 480 est
1364 427 1395 481 in
1410 441 1525 499 corpore
1539 443 1591 484 nos
1608 433 1706 500 gesta-

58 509 183 583 integris
196 511 382 567 traditionum
396 511 477 565 lineis
500 511 671 565 nuntiantes.
694 510 800 565 Idcirco
814 508 877 581 igi·'
904 526 967 565 mus
977 511 1006 565 in
1018 510 1119 567 fronte.
1136 513 1268 585 Sepultus
1283 520 1327 569 est
1339 515 1449 571 sicutin
1463 516 1582 573 veritate
1595 523 1680 575 natus
1696 537 1704 587 ;

59 604 112 654 tur
124 600 200 658 istud
214 598 351 656 indicium
370 617 497 671 posuere,
514 616 564 671 per
578 600 651 671 quod
667 602 865 670 agnosceretur
905 599 945 653 ita
961 604 989 653 et
999 600 1029 654 in
1039 601 1155 656 veritate
1165 608 1293 658 mortuus
1308 608 1337 658 et
1350 606 1485 676 sepultus.

61 687 148 761 isqui
163 690 307 746 Christum
325 707 389 745 rere
402 690 555 745 secundum
573 689 738 761 apostolicas
754 690 865 761 regulas
945 689 1124 745 «Descendit
1137 692 1172 745 ad
1195 691 1313 760 inferna,
1339 693 1424 747 tertia
1450 694 1496 748 die
1523 684 1676 751 resurrexit
1689 710 1709 751 a·
1729 690 1732 695 ’

63 778 241 850 praedicaret.
257 779 307 834 Est
319 784 413 834 autem
428 777 587 850 symbolum
602 778 713 848 signum
728 795 779 849 per
792 778 866 848 quod
910 796 924 828 r
940 779 1067 834 mortuis,
1087 799 1098 831 ι
1115 781 1263 836 Τιιιιιιιιι
1281 782 1432 853 sepulturae
1461 800 1541 839 mora
1564 784 1708 841 evidenter

63 867 227 938 agnoscitur
252 867 336 933 Deus,
354 868 483 939 quodque
508 867 625 939 proinde
637 867 782 920 credentes
797 866 866 921 acci·
907 868 1038 927 ostendit,
1055 869 1127 940 quod
1143 869 1319 942 dumcorpus
1330 871 1358 924 in
1370 873 1599 943 sepulcrojacuit,
1612 873 1708 928 anima

63 956 158 1028 piant,
173 961 207 1011 ut
224 957 353 1011 noverint
376 957 498 1028 qualiter
519 962 616 1011 contra
631 954 773 1010 diabolum
800 955 866 1009 tidei
906 954 955 1009 illa
963 956 998 1009 de
1017 957 1112 1010 Inferis
1122 957 1313 1029 triumphavit.

63 1045 221 1101 certamina
236 1053 436 1118 prepararent.
453 1047 484 1101 In
500 1062 556 1117 quo
575 1045 688 1116 quidem
699 1060 788 1116 pauca
801 1049 868 1099 sunt
945 1046 1103 1100 «Ascendit
1117 1047 1151 1100 ad
1164 1048 1248 1102 ccelos
1264 1065 1269 1100 :
1283 1048 1362 1102 sedet
1371 1050 1406 1103 ad
1419 1049 1564 1105 dexteram
1586 1050 1637 1106 Dei
1659 1067 1708 1123 pa·

62 1133 159 1198 amba,
173 1135 223 1189 sed
238 1135 334 1190 omnia
347 1135 527 1189 continentur
545 1138 731 1189 sacramenta.
747 1132 788 1188 De
801 1133 868 1188 totis
911 1152 923 1184 r
938 1133 989 1187 tris
1002 1136 1211 1206 omnipotentis.
1227 1155 1238 1185 ι
1255 1136 1321 1192 Ideo
1333 1137 1522 1193 conditionem
1536 1143 1645 1198 natura
1658 1155 1708 1196 uo·

64 1223 141 1279 mim
166 1222 329 1295 Scriptun's,
356 1224 427 1279 haec
442 1222 588 1278 breviatim
613 1221 727 1276 collecta
748 1228 814 1277 suut
833 1221 867 1276 ab
909 1227 1069 1293 straequam
1085 1224 1119 1278 de
1131 1223 1245 1278 homine
1256 1232 1345 1279 matre
1356 1230 1439 1281 natus
1457 1228 1612 1298 assumpsit
1622 1244 1708 1299 super

63 1313 201 1386 qrostolis
217 1318 269 1379 ;ut
282 1312 416 1384 quoniam
439 1313 535 1384 plures
562 1311 736 1366 credentium
759 1311 868 1366 litteras
909 1312 992 1366 coelcs
1013 1310 1042 1366 in
1069 1312 1213 1368 dexteram
1240 1313 1290 1369 Dei
1305 1314 1397 1369 Patris
1411 1315 1563 1371 collocavit.
1586 1304 1708 1373 Dextera

62 1401 207 1468 nesciunt,
235 1401 279 1456 vel
305 1402 354 1473 qui
383 1402 477 1456 sciunt
500 1400 740 1472 praeoccupatione
774 1400 868 1455 saeculi
909 1405 1004 1456 autem
1013 1401 1140 1456 Patrisin
1156 1419 1212 1473 qua
1225 1402 1323 1458 sedere
1333 1403 1497 1459 diciturnon
1505 1409 1549 1460 est
1562 1421 1705 1478 corporea,

63 1490 227 1563 Scripturas
241 1491 334 1561 legere
348 1507 404 1545 non
427 1495 553 1562 possunt,
573 1491 631 1544 haec
645 1488 728 1543 corde
741 1488 866 1544 retinen·
909 1490 983 1560 quod
997 1490 1074 1544 netas
1089 1495 1132 1545 est
1145 1491 1179 1544 de
1194 1492 1251 1547 Deo
1267 1492 1380 1558 sentire,
1394 1493 1462 1564 quia
1474 1493 1708 1566 divinamajestas

61 1584 116 1645 tes,
148 1579 272 1634 habeant
299 1580 486 1634 sufficientem
511 1579 563 1632 sibi
584 1578 732 1632 scientiam
760 1577 867 1632 saluta·
908 1578 1062 1633 secundum
1077 1579 1197 1650 speciem
1211 1581 1363 1635 humanam
1388 1581 1462 1636 latus
1482 1582 1636 1637 nonhabet
1658 1582 1708 1639 sed

61 1685 135 1724 rem.
152 1669 203 1723 Est
217 1669 293 1724 enIm
308 1667 391 1722 breve
405 1667 469 1722 lidei
484 1667 610 1732 verbum,
627 1673 656 1721 et
669 1667 737 1721 olim
755 1682 772 1720 a
796 1668 867 1721 Pro·
906 1665 1094 1738 gloria'atque
1110 1667 1253 1723 beatitudo
1268 1669 1369 1724 Patris.
1385 1669 1511 1725 Dextera
1530 1672 1592 1742 ejus
1606 1671 1710 1728 dicitur

60 1758 151 1829 pheta
165 1757 330 1829 praedictum
347 1775 353 1810 :
373 1776 385 1807 ι
409 1757 548 1822 Quoniam
571 1755 685 1810 verbum
708 1739 897 1810 breviatumss
909 1755 938 1810 in
954 1773 1010 1827 qua
1023 1755 1110 1810 Illius
1124 1756 1279 1812 secundum
1297 1757 1504 1814 humanitatem
1512 1760 1601 1827 sedet,
1612 1760 1641 1815 id
1654 1765 1706 1829 est,

59 1845 148 1902 faciet
161 1846 299 1902 Dominus
313 1849 525 1917 superterram.
543 1865 556 1898 a
573 1844 653 1909 Quod
662 1844 818 1898 hoctenore
826 1860 868 1898 re-
908 1844 939 1897 in
949 1850 1117 1915 perpetuum
1127 1851 1236 1915 regnat.

60 1934 179 1991 citatur.
947 1954 957 1984 ι
975 1933 1044 1987 Inde
1057 1938 1192 1987 venturus
1204 1933 1332 2003 judicare
1342 1934 1417 1989 vivos
1437 1943 1466 1991 et
1479 1943 1614 1993 mortuos.
1636 1956 1650 1994 r
1675 1939 1709 1995 In

97 2042 111 2076 ι
134 2024 227 2079 Credo
243 2024 272 2079 in
289 2025 378 2080 Deum
397 2024 510 2079 Patrem
521 2023 743 2093 omnipotentem
757 2027 866 2076 creato·
907 2023 968 2093 ipso
996 2038 1112 2093 corpore
1148 2028 1283 2077 venturus
1305 2027 1348 2075 est
1371 2023 1406 2076 ad
1428 2023 1576 2093 judicium,
1597 2025 1627 2081 in
1652 2042 1708 2097 quo

60 2128 152 2169 «rem
167 2112 231 2168 coeli
245 2120 274 2167 et
287 2118 380 2168 temac.
397 2131 412 2165 ι
429 2113 501 2182 Ergo
516 2111 544 2165 in
559 2111 650 2183 primo
665 2108 751 2165 habet
764 2109 864 2164 Credo.
907 2111 1033 2166 ascendit
1051 2111 1087 2165 ad
1097 2111 1207 2176 coelum,
1223 2117 1256 2165 ut
1269 2111 1444 2166 Christianos
1453 2113 1562 2183 iudicet
1574 2121 1603 2169 et
1619 2132 1706 2187 paga·

58 2201 150 2257 Vides
159 2202 235 2274 quod
246 2201 382 2256 Dominus
395 2205 490 2255 noster
504 2216 561 2254 non
577 2216 627 2254 nos
632 2199 713 2270 jubet
726 2198 865 2253 discutere
907 2217 967 2267 nos,
980 2202 1072 2271 justos
1085 2205 1114 2254 et
1123 2205 1291 2271 peccatores,
1307 2200 1403 2255 fideles
1411 2206 1439 2254 et
1453 2201 1562 2273 impios.

58 2290 159 2346 divina
171 2290 288 2362 judicia,
305 2290 354 2345 sed
368 2289 492 2355 credere,
509 2305 560 2343 nec
584 2288 723 2343 rationem
737 2288 865 2359 require·
945 2306 956 2337 ι
973 2288 1062 2342 Credo
1074 2288 1104 2342 ιι
1120 2288 1255 2360 Spiritum
1280 2295 1418 2344 sanctum.
1433 2306 1447 2343 r
1463 2290 1607 2346 Advortite
1631 2294 1707 2363 qnod

57 2395 103 2448 re,
114 2379 168 2434 sed
179 2380 264 2434 tidem
278 2378 452 2450 simpliciter,
469 2383 498 2432 et
521 2377 702 2431 Immobiliter
723 2376 863 2431 exhibere.
906 2372 978 2428 sicut
987 2375 1016 2428 in
1026 2375 1149 2439 Patrem,
1161 2376 1202 2430 ita
1215 2381 1245 2429 et
1253 2376 1283 2430 in
1297 2376 1399 2431 Filium
1409 2383 1438 2432 et
1452 2377 1480 2432 in
1495 2378 1630 2450 Spiritum
1645 2396 1708 2435 sau·

61 2469 123 2525 «In
137 2468 230 2524 Deum
244 2469 368 2534 Patrem,
380 2490 392 2518 ι
406 2467 550 2522 Advortite
562 2467 707 2538 quodcum
715 2465 766 2520 Dei
777 2465 865 2537 patris
906 2466 982 2514 ctum
997 2462 1034 2516 ιιι
1043 2464 1220 2520 credendum.
1232 2466 1305 2519 Nam
1320 2465 1368 2536 qui
1378 2466 1421 2521 vel
1434 2466 1463 2520 in
1472 2483 1558 2521 unam
1569 2468 1603 2522 de
1616 2468 1707 2524 Trini-

61 2573 171 2614 nomen
185 2558 215 2612 in
230 2555 401 2611 confessione
415 2556 569 2627 conjungit,
588 2555 712 2610 ostendit
725 2555 799 2626 quod
813 2572 869 2609 non
910 2556 968 2604 tate
981 2567 1128 2623 personam
1146 2568 1202 2606 non
1220 2553 1379 2620 crediderit,
1391 2554 1421 2609 in
1434 2554 1543 2610 duabus
1564 2555 1605 2610 illi
1619 2555 1707 2611 credi·

61 2651 133 2702 ante
148 2646 224 2700 Deus
238 2662 298 2701 esse
312 2645 426 2716 coeperit
454 2651 483 2699 et
506 2650 603 2716 postea
629 2651 717 2716 pater,
735 2643 784 2698 sed
808 2644 868 2698 sine
909 2639 984 2693 disse
998 2656 1053 2694 non
1069 2641 1203 2711 proderit.

60 2735 123 2790 ullo
138 2734 221 2789 initio
234 2734 347 2790 etDeus
360 2750 472 2806 semper
485 2739 684 2805 atpater-est.
701 2732 773 2798 Quia
801 2749 867 2803 ergo
946 2729 1104 2783 «Sanctam
1119 2729 1270 2784 Ecclesiam
1280 2729 1455 2784 catholicam.
1471 2749 1482 2781 ι
1496 2731 1618 2787 Ecclesia
1632 2732 1708 2788 Gra-

62 2840 180 2896 semper
192 2823 247 2878 suit
261 2830 350 2895 pater,
361 2839 473 2895 semper
498 2822 598 2877 habuit
612 2822 702 2876 hlium
716 2822 761 2876 cui
788 2826 869 2893 pater
908 2831 949 2882 ce,
976 2817 1074 2871 Latine
1087 2817 1198 2872 collatio
1220 2818 1264 2872 vel
1297 2818 1404 2873 vocatio
1430 2819 1542 2887 dicitur,
1571 2837 1605 2876 eo
1632 2821 1709 2893 quod

62 2917 117 2969 eat.
138 2912 417 2984 rOmnIpotentema
433 2928 498 2966 vero
515 2911 578 2965 ideo
604 2911 673 2965 dicit
695 2911 762 2981 quia
776 2909 867 2964 omni·
909 2924 1006 2962 omnes
1020 2908 1056 2962 ad
1078 2925 1108 2963 se
1122 2913 1209 2973 vocet,
1223 2913 1252 2963 et
1264 2909 1294 2963 in
1318 2926 1406 2964 unum
1425 2917 1585 2982 congreget.
1615 2913 1711 2970 Scien-

63 3007 166 3073 potens
179 3005 233 3066 est,
249 3001 350 3072 cuique
364 3000 434 3055 nihil
445 2999 616 3070 Impossibile
627 3004 670 3053 est
681 3018 687 3066 ;
700 2998 866 3070 quicoelum,
909 2996 976 3051 dum
990 2997 1118 3068 estquod
1133 2997 1284 3052 Ecclesiam
1300 2998 1423 3066 credere,
1439 3015 1496 3053 non
1505 3006 1603 3055 tamen
1615 2999 1645 3056 in
1660 3003 1710 3058 Eo-

62 3096 183 3156 terram,
199 3106 287 3155 mare,
299 3090 436 3152 homines,
453 3095 537 3160 atque
567 3088 662 3143 omnia
686 3087 821 3142 animalia
839 3093 868 3143 et
908 3085 1022 3140 clesiam
1038 3086 1150 3140 credere
1162 3085 1322 3152 debeamus,
1338 3088 1405 3158 quia
1419 3087 1540 3143 Ecclesia
1553 3106 1610 3144 non
1620 3089 1705 3160 Deus,

64 3179 189 3251 reptilia,
206 3195 263 3234 non
275 3179 369 3250 aliquo
382 3178 475 3250 operis
489 3184 563 3243 actu,
573 3177 621 3231 sed
632 3177 691 3231 solo
705 3176 868 3232 verbicrea·
908 3177 958 3232 sed
971 3176 1071 3231 domus
1080 3174 1134 3231 Dei
1149 3180 1201 3230 est.
1216 3177 1388 3232 Catholicam
1407 3177 1483 3244 dicit,
1499 3182 1559 3233 toto
1572 3178 1639 3234 orbe
1658 3178 1709 3234 dit·

63 3269 104 3323 vit
117 3268 249 3340 imperio,
266 3267 366 3322 etideo
381 3284 436 3322 non
456 3266 537 3321 nobis
548 3265 642 3321 veniat
658 3265 688 3319 in
701 3265 868 3336 cogitatione
909 3266 1011 3329 susam,
1023 3265 1266 3336 quiadirersorum
1282 3265 1477 3320 hereticorum
1498 3266 1626 3322 Ειιιιιιι
1646 3266 1709 3323 ideo

67 3357 209 3430 quomodo
224 3356 277 3411 hoc
290 3361 340 3411 aut
353 3356 421 3410 illud
436 3356 528 3427 potuit
542 3354 613 3421 heri,
628 3354 677 3426 qui
692 3354 869 3425 omnipoten·
910 3354 1051 3409 catholicae
1074 3371 1131 3409 non
1155 3353 1296 3417 dicuntur,
1326 3353 1393 3424 quia
1407 3369 1457 3423 per
1471 3354 1533 3407 loca
1550 3359 1634 3426 atque
1659 3372 1711 3426 per
1734 3366 1737 3373 ’

66 3454 124 3503 mm
139 3445 321 3519 precipiam
344 3445 470 3500 confiteri
486 3449 642 3498 creatorem
655 3442 716 3497 coeli
731 3448 760 3495 et
774 3448 866 3497 terrm.
910 3459 975 3497 suas
996 3457 1120 3512 quasque
1137 3440 1293 3512 provincias
1316 3441 1504 3495 continentur.
1520 3441 1586 3497 Hac
1600 3458 1665 3497 vero
1691 3459 1710 3497 a
1725 3480 1733 3501 ι

68 3536 127 3592 Hoc
141 3535 238 3607 agitur
251 3534 325 3607 quod
351 3534 480 3605 superius
495 3532 562 3599 dini,
584 3532 651 3604 quia
667 3551 678 3583 ι
697 3530 791 3585 omnia
809 3530 869 3585 sola
910 3530 976 3583 solis
990 3536 1054 3584 ortu
1068 3546 1157 3602 usque
1172 3530 1346 3584 adoccasum
1369 3528 1453 3584 anius
1476 3528 1542 3583 adei
1560 3529 1709 3601 splendore

62 3625 144 3681 verbi
158 3628 299 3696 potestate
314 3623 438 3695 perfecit.
458 3645 469 3673 ι
910 3617 1086 3672 diffunditur.

101 3731 116 3767 ι
134 3714 172 3769 Et
181 3712 212 3767 in
221 3713 316 3767 Iesum
335 3712 479 3767 Christum
492 3709 594 3765 Filium
609 3709 670 3780 ejus
684 3707 799 3763 unicam
812 3703 869 3759 Dc·
947 3723 960 3758 ι
977 3707 1143 3761 Sanctorum
1153 3703 1390 3770 communionem,
1406 3723 1418 3755 ι
1440 3704 1470 3759 id
1496 3709 1549 3772 est,
1569 3720 1633 3760 cum
1653 3705 1709 3762 illis

70 3801 211 3858 ruvinum
227 3807 365 3856 nostrum.
385 3818 398 3853 a
421 3798 565 3853 Advortite
586 3797 660 3869 quod
683 3792 824 3868 quomodo
838 3791 869 3846 ιι
910 3795 1014 3849 sanctis
1028 3794 1116 3865 quiin
1130 3794 1281 3864 hecquem
1307 3791 1475 3863 suscipimus
1502 3792 1558 3847 tide
1584 3792 1710 3850 defuncti

67 3898 179 3960 patrem
193 3889 275 3944 sicet
295 3889 325 3943 in
340 3888 430 3943 filium
442 3888 614 3943 credendum
628 3886 674 3952 sit,
686 3893 715 3940 et
729 3884 796 3956 quia
805 3898 869 3937 curn
911 3890 985 3951 suut,
1001 3883 1162 3939 sacietatem
1177 3888 1206 3937 et
1217 3881 1276 3953 spei
1294 3881 1520 3937 communionem
1535 3887 1689 3938 teneamus.

66 3987 148 4050 patre
163 3978 282 4050 aequalis
303 3984 346 4032 est
368 3979 516 4048 majestate
535 3981 646 4031 tanturn
661 3974 713 4047 ipsi
733 3976 870 4046 quantum
949 3972 1175 4027 ‹Remissionem
1203 3975 1391 4043 peccatorum.
1415 3992 1427 4020 ι
1460 3969 1555 4025 Priora
1581 3971 1709 4029 remissIo

63 4067 183 4142 etpatri
193 4066 315 4131 honoris,
329 4072 440 4120 tantum
455 4081 507 4120 nos
525 4064 626 4119 debere
640 4063 768 4118 novimus
783 4059 870 4116 servI·
911 4066 1087 4131 peccatorum
1099 4076 1150 4131 per
1157 4058 1289 4130 baptismi
1302 4058 1433 4128 gratiam,
1444 4058 1567 4113 secunda
1574 4075 1624 4130 per
1638 4075 1712 4115 mar·

60 4159 137 4214 tutis
151 4155 359 4226 obsequium·
387 4156 483 4210 Iesum
498 4154 671 4209 Christum»
695 4152 773 4215 dicit,
790 4150 871 4204 Jesus
911 4149 1025 4222 tyrium,
1040 4148 1125 4203 tertia
1136 4164 1202 4203 vero
1217 4164 1267 4219 per
1291 4147 1511 4202 satisfactionem
1529 4146 1710 4219 paenitentiae.

58 4245 201 4302 Salvator
217 4243 429 4316 interpretatur.
451 4242 579 4298 Christus
594 4257 659 4297 vero
681 4258 700 4295 a
720 4239 871 4294 chrismate
912 4238 978 4303 Quae
992 4243 1088 4292 tamen
1116 4237 1295 4292 remissiones
1322 4242 1501 4307 peccatorum
1524 4241 1603 4291 extra
1626 4237 1711 4291 fldem

53 4334 185 4399 dieitur,
215 4333 282 4405 qula
308 4332 381 4387 sicut
404 4332 514 4403 antiqui
541 4346 653 4403 regesa
679 4325 997 4429 sacerdotibusnatque
1010 4326 1148 4381 unitatem
1163 4324 1290 4380 Ecclesia
1305 4324 1419 4380 omnino
1440 4340 1497 4378 non
1524 4324 1606 4378 flunt.
1639 4324 1711 4379 Sunt

52 4437 149 4480 aacro
157 4421 220 4478 oleo
227 4420 466 4493 perungebantur,
482 4420 666 4475 sicDommus
680 4423 776 4473 noster
789 4416 870 4472 Jesus
911 4415 986 4471 enim
1012 4422 1041 4470 et
1061 4415 1123 4473 ιιιι
1151 4414 1330 4469 remissiones
1359 4418 1548 4485 peccatorum.
1569 4412 1629 4467 Hoc
1656 4416 1709 4479 est,

48 4512 202 4569 Christus
215 4510 337 4582 Spiritus
345 4510 433 4565 sancti
448 4509 587 4564 inlusione
600 4509 724 4580 repletus
738 4511 789 4561 est.
911 4521 962 4575 per
971 4503 1174 4573 indulgentiam
1190 4501 1377 4565 inimicorum,
1394 4517 1445 4571 per
1468 4513 1564 4553 veram
1586 4494 1711 4551 charita·

100 4618 118 4656 ι
136 4598 194 4665 Qui
207 4604 359 4670 conceptus
372 4604 417 4653 est
429 4598 464 4653 de
479 4598 586 4669 Spiritu
600 4602 733 4653 sancto.»
748 4596 811 4650 Non
824 4608 871 4664 po·
910 4600 978 4657 tem,
995 4607 1045 4662 per
1058 4607 1144 4662 opera
1157 4589 1365 4655 misericordiae,
1383 4586 1561 4660 perverbum
1579 4585 1712 4658 praedica·

44 4692 146 4747 terat
158 4687 273 4743 aliunde
301 4702 386 4759 quam
411 4687 446 4741 de
464 4687 523 4743 Deo
540 4687 694 4758 concipere,
711 4684 759 4757 qui
781 4683 872 4739 Deum
912 4682 1006 4748 tionis,
1022 4681 1046 4736 si
1060 4681 1123 4753 quis
1131 4678 1255 4735 converti
1264 4677 1361 4732 fecerit
1377 4682 1552 4750 peccatorem
1565 4675 1601 4732 ab
1614 4692 1710 4733 errore

49 4777 179 4834 meruit
192 4792 349 4849 procreare.
913 4771 964 4826 νιι
974 4787 1041 4825 ιιι.

104 4886 121 4920 s
136 4866 231 4923 Natus
243 4881 276 4921 ex
282 4864 372 4920 Maria
383 4864 499 4935 virgine.
512 4863 596 4919 »Non
610 4863 703 4936 potuit
716 4877 772 4918 uon
786 4859 874 4916 talem
951 4880 965 4916 ι
981 4859 1080 4918 Carnis
1092 4857 1336 4914 resurrectionem.
1350 4877 1361 4905 ι
1376 4856 1497 4910 Carnem
1509 4870 1602 4926 quam*
1613 4854 1643 4909 in
1657 4854 1710 4910 hac

48 4950 176 5012 habere
190 4959 367 5027 conceptum,
380 4969 443 5026 qua
451 4953 530 5024 virgo
540 4958 601 5009 erat
609 4965 795 5025 permansura
808 4953 873 5021 post
911 4952 969 5006 vita
978 4949 1030 5006 sub
1040 4948 1152 5005 mortali
1165 4946 1324 5003 conditione
1334 4950 1478 5017 portamus
1488 4948 1710 5000 resurrecturam

47 5049 197 5114 partum
912 5056 973 5095 esse
999 5039 1198 5105 immortalem,
1230 5053 1262 5091 ac
1286 5035 1425 5091 rationem
1459 5031 1633 5088 reddituram
1656 5048 1708 5105 pro

105 5150 122 5188 ι
141 5133 247 5189 Passus
266 5128 320 5187 sub
333 5130 434 5186 Pontio
447 5131 546 5186 Pilato.
560 5150 574 5184 ι
590 5131 646 5186 Iste
660 5130 768 5186 Pilatus
782 5131 796 5184 J
800 5129 872 5183 udex
912 5129 1012 5185 anima
1027 5127 1167 5183 consortio
1181 5125 1338 5181 credamus.

46 5229 132 5279 erat
142 5221 173 5278 in
185 5221 235 5276 illo
247 5225 374 5291 tempore
387 5219 423 5274 ab
433 5219 601 5291 imperatore
615 5221 723 5291 positus
737 5218 872 5275 ιιιιιιιιι
950 5239 961 5270 ι
978 5218 1071 5273 Vitam
1085 5222 1229 5272 aeternam.
1246 5234 1259 5268 v
1275 5215 1387 5286 Absque
1408 5212 1467 5266 ulla
1479 5208 1654 5266 dubitatione
1672 5209 1712 5265 fa·

45 5308 335 5384 subquoDominus
349 5325 448 5379 passus
463 5315 506 5364 est
521 5327 527 5362 :
541 5309 737 5379 cujusmentio
751 5307 787 5362 ad
801 5314 871 5361 tem·
912 5312 1085 5363 teamurnos
1104 5305 1190 5360 vitam
1210 5310 1344 5359 artemam
1371 5305 1580 5366 consecuturos,
1609 5296 1634 5353 si
1652 5299 1712 5356 haec

50 5401 148 5468 pon's
162 5398 407 5470 significationem,
419 5415 475 5455 non
485 5398 520 5454 ad
531 5414 655 5470 personae
665 5398 740 5453 illius
750 5397 873 5469 pertinet
915 5401 1099 5459 sacramenta,
1129 5410 1190 5465 ιιι
1216 5392 1292 5446 vobis
1318 5389 1492 5462 exponimus,
1520 5387 1641 5444 tideliter
1672 5394 1714 5446 te·

51 5486 250 5562 dignitatem
914 5501 1042 5549 neamus,
1058 5481 1181 5537 achonis
1206 5478 1314 5533 actibus
1342 5492 1537 5532 conservemus
1549 5493 1555 5528 :
1568 5475 1627 5531 haec
1637 5476 1714 5533 enim

109 5576 308 5643 «emamus,
325 5581 455 5634 mortuus
469 5581 498 5632 et
511 5576 647 5649 sepultus.
670 5594 684 5629 r
707 5575 825 5632 Crucem
840 5574 876 5630 il·
916 5579 960 5630 est
974 5570 1118 5646 apostolici
1139 5567 1259 5641 symboli
1282 5571 1359 5624 recta
1370 5583 1404 5622 ac
1416 5581 1482 5623 vera
1507 5565 1713 5640 interpretatio.

194 5678 329 5741 Parnon.
347 5675 427 5738 Cxll
1557 5666 1596 5728 39
