3786 6128
73 300 129 366 sse
350 370 355 379 ,
552 294 768 362 elusanam
787 296 826 362 ln
846 292 991 364 succan
1011 292 1250 362 scorriosam
1668 313 1719 366 sar

64 431 156 509 quasi
184 430 277 484 debile
299 439 328 484 et
356 431 485 484 instabile
507 436 589 492 esset,
616 446 671 484 uon
697 432 877 502 pertimescit.
896 429 982 492 tbiiis
997 434 1029 486 n't
1043 438 1198 486 castrorum
1221 433 1294 486 ociis
1314 432 1486 494 orilinoioli,
1506 456 1518 487 a
1541 436 1615 506 <qood
1637 436 1716 490 electi

54 524 197 586 Anystus
213 520 338 574 iniemus
352 522 466 574 vocatur
480 521 508 573 in
530 521 678 590 lirangelio
697 539 702 572 :
722 538 733 569 o
753 521 878 590 llogabat
918 539 968 593 per
982 521 1159 575 concordiam
1173 521 1283 575 diabolo
1298 522 1438 577 terribiles
1454 528 1528 578 sunt.

49 622 137 674 eum
152 608 243 679 legio,
258 620 293 663 ne
306 622 371 664 curn
389 610 516 663 mitteret
533 610 562 662 in
577 609 739 681 abyssum¹,
758 610 809 663 vid
824 614 875 676 est,
953 617 1070 666 iccium
1086 613 1175 664 tritici
1195 614 1261 664 siant
1280 611 1453 666 incrementa
1475 613 1618 677 virtutum,
1636 616 1668 668 ut
1687 614 1717 668 irl

46 718 99 763 „e
114 714 169 752 eos
181 702 323 769 mergeret
334 698 362 752 in
376 698 526 753 infernum.
544 699 597 752 Per
611 700 749 767 dipsium,
768 698 878 753 dolores
918 701 1032 754 Cantico
1056 718 1062 751 r
1087 722 1097 747 o
1122 696 1228 753 Venter
1240 704 1307 754 tuus
1328 700 1400 755 sicut
1421 716 1536 756 mersus
1550 702 1635 756 tritici
1653 703 1683 761 ”“,
1705 722 1716 751 o

44 787 186 852 mortis,
202 788 275 841 utin
288 786 427 841 Psalmis:
445 808 456 838 ι
475 788 586 842 Poncns
597 788 627 842 in
640 788 779 842 thesauris
794 787 877 859 abre·
920 787 994 859 quod
1015 788 1113 851 teneri,
1131 789 1178 858 qul
1193 788 1222 843 in
1237 792 1334 843 sancta
1349 789 1471 845 Ecclesia
1491 794 1565 856 sunt,
1581 792 1717 845 uirtutum

42 894 111 939 ωε
121 875 145 939 ’,
162 896 175 928 n
190 876 219 929 id
235 880 288 937 est,
304 877 333 931 in
347 877 462 931 secretis
476 892 562 931 sacrae
577 877 727 949 Scripturas
740 876 879 949 profunda
919 876 1387 948 incremenlososcipionr.aeneos
1398 882 1557 943 testimonii,
1566 879 1719 934 multitudo

43 964 223 1039 mysteria.
238 954 290 1017 Per
305 967 432 1031 obpssam
449 965 553 1036 quique
566 965 796 1036 desperatissimi,
807 968 838 1020 ut
848 966 877 1019 in
919 972 1078 1020 sanctorum
1094 966 1259 1038 martyrum,
1276 968 1309 1021 ut
1323 968 1350 1021 ir.
1369 968 1471 1023 Genesi
1488 989 1493 1022 :
1513 968 1718 1023 siccaverunt

45 1053 214 1112 Psalmis:
230 1054 355 1107 sumnia
365 1054 876 1124 quecumquevoluitrllominuslecit,
898 1110 903 1119 ,
919 1057 1010 1109 locum
1027 1054 1104 1108 illum
1120 1054 1235 1111 iialaad.
1246 1056 1274 1109 id
1289 1060 1339 1121 est,
1353 1073 1481 1111 acierrum
1496 1056 1649 1112 testimonii
1660 1056 1691 1123 ¹¹,
1703 1078 1715 1103 a

48 1146 92 1200 in
106 1142 185 1196 culo
197 1147 226 1196 et
237 1141 266 1197 in
276 1150 361 1201 terra,
373 1143 401 1196 in
413 1143 483 1196 mari
495 1149 523 1219 et
535 1143 563 1196 in
575 1144 704 1197 omnibus
719 1143 825 1215 abyssis
834 1142 877 1210 ’,ι
920 1144 993 1214 qnod
1008 1143 1141 1198 insaucia
1157 1144 1280 1199 Ecclesia
1293 1146 1443 1200 multitudo
1458 1148 1615 1218 martyrum
1630 1146 1718 1200 hono-

54 1230 146 1304 quod
161 1231 239 1285 sicut
249 1232 333 1302 erigit
342 1232 601 1303 contemplationes,
612 1246 673 1302 quie
688 1239 755 1285 sunt
765 1233 875 1291 colam,
920 1238 1008 1286 ratur.
1020 1232 1136 1287 ‚lorrmo
1149 1235 1272 1302 lopidom
1285 1238 1327 1288 est
1341 1235 1493 1306 increpatio
1505 1234 1598 1290 ultimi
1606 1234 1715 1305 judicii,

55 1321 113 1374 sic
125 1319 264 1375 fecundat
277 1321 410 1387 actiones,
425 1336 486 1391 quae
502 1326 568 1375 sunt
581 1327 666 1385 terra,
679 1321 717 1374 sic
733 1320 877 1375 instabiles
918 1326 949 1374 ut
961 1321 989 1375 in
1003 1320 1081 1375 libris
1097 1322 1221 1391 Regum:
1242 1342 1253 1374 o
1270 1322 1517 1393 Ooogrcgaverunt
1528 1330 1614 1395 supet
1628 1322 1716 1381 Absa-

64 1411 234 1476 coulirmat,
252 1410 382 1481 quisunt
401 1426 487 1475 mare,
505 1409 609 1463 siein'
625 1410 761 1481 ipsis‚qui
777 1410 876 1480 ‹lespe-
917 1411 963 1463 lon
987 1426 1116 1464 acervum
1145 1410 1269 1482 lapidum
1298 1422 1430 1482 magnum
1450 1413 1535 1466 nimis
1551 1406 1582 1479 ¹¹,
1606 1432 1617 1462 a
1643 1410 1716 1484 quod

58 1499 218 1553 rausimi.
247 1499 316 1553 ilem
337 1498 404 1552 iacit
426 1514 629 1569 nonnunquam
656 1499 875 1553 misericordiam
917 1498 1043 1569 reprobis
1064 1499 1175 1554 (licetur
1195 1500 1223 1553 in
1247 1500 1377 1570 J'udicio:
1404 1520 1416 1547 o
1437 1502 1488 1568 lte,
1514 1501 1663 1567 maledicti,
1687 1501 1716 1555 in

61 1602 163 1653 suam,
179 1587 229 1658 qui
249 1592 316 1641 suut
339 1588 441 1659 abyssi.
469 1588 523 1641 Per
544 1589 673 1653 aerisono
700 1587 876 1642 contusiones
917 1587 1010 1657 ignem
1030 1589 1209 1642 aeternum¹¹.
1229 1610 1240 1635 a
1257 1584 1375 1644 lucrans
1391 1592 1534 1656 „llrrcarit
1553 1584 1714 1655 infidelitas,

58 1690 190 1747 cepenam
213 1677 364 1742 malorum,
383 1682 414 1730 ut
437 1677 466 1730 in
490 1676 598 1730 cantico
613 1676 697 1731 Exodi
715 1697 720 1731 :
744 1697 756 1728 ι
775 1676 875 1748 abyssi
917 1681 949 1730 ut
963 1677 992 1729 in
1008 1674 1151 1730 Pansbolis
1164 1677 1321 1731 Salomonis
1336 1700 1341 1728 :
1359 1697 1370 1727 ι
1388 1678 1466 1732 Sicut
1480 1678 1527 1749 qui
1543 1676 1631 1731 mittit
1645 1678 1715 1749 lapi-

59 1773 248 1835 opcruernnt
271 1765 349 1832 eos¹,
381 1786 391 1815 ι
421 1764 449 1818 id
475 1770 526 1825 est,
555 1765 731 1819 contusiones
758 1750 980 1838 operomssdon
995 1766 1024 1819 in
1038 1782 1166 1819 acerram
1183 1766 1324 1829 Mercurii,
1341 1768 1381 1820 sic
1396 1767 1443 1838 qui
1458 1766 1558 1821 tribuit
1574 1766 1716 1839 insipienti

53 1869 189 1908 snomm
205 1859 408 1925 oppresserunt
421 1870 478 1908 eos.
916 1855 1052 1909 horrorem
1061 1854 1093 1920 ¹⁰,
1113 1878 1123 1903 u
1142 1855 1215 1925 quod
1236 1855 1283 1925 qui
1303 1855 1411 1910 fatuum
1429 1855 1554 1926 aliquem
1573 1854 1608 1911 ad
1628 1856 1716 1911 bono-

117 1943 189 1998 ilics
210 1946 255 1997 est
273 1943 392 1997 altitudo
406 1943 658 2014 contemplationis,
683 1948 715 1996 ut
735 1944 763 1998 ln
785 1944 875 2001 isaia:
918 1960 977 1998 rem
991 1942 1208 1997 ecclesiasticum
1229 1944 1366 2014 provebit,
1379 1942 1585 2016 quodammodo
1605 1942 1715 2016 culpam

53 2052 89 2081 :a
112 2031 211 2085 Ponam
226 2032 256 2085 in
270 2030 382 2086 desem
397 2032 518 2087 abietem
528 2033 548 2098 ⁵,
567 2033 665 2103 nquod
677 2032 706 2087 in
718 2034 876 2104 gentilitate
917 2032 1091 2087 infidelitatis
1106 2031 1268 2086 committit.

36 2119 211 2175 Dominus
225 2122 491 2193 contemplationem
502 2122 604 2193 posuit.
623 2144 634 2171 a
648 2124 761 2181 loten
776 2128 874 2194 poten·
952 2121 1107 2179 ,iocabitan
1125 2120 1245 2175 ccelesiis
1257 2121 1358 2193 patria.
1372 2124 1404 2174 ut
1418 2121 1446 2174 in
1460 2122 1575 2175 Cantica
1590 2140 1595 2175 :
1616 2140 1626 2170 ι
1641 2122 1714 2176 Dum

24 2210 122 2262 tes
133 2216 159 2263 et
171 2209 349 2264 intructuosi.
368 2208 421 2264 Per
434 2212 557 2275 abietem,
580 2211 668 2264 sancti
683 2195 784 2281 aingeli.
801 2212 875 2266 utin
917 2214 991 2265 esset
1005 2226 1052 2263 res
1067 2211 1095 2263 in
1117 2210 1243 2265 accubito
1258 2224 1320 2271 siro,
1340 2208 1444 2263 nardus
1463 2221 1527 2264 mea
1547 2206 1625 2264 dedit
1647 2210 1714 2264 odo-

23 2296 237 2369 Pmpbeta:
258 2298 399 2353 «Abietes
414 2310 470 2353 non
485 2299 704 2370 adaequaverunt
727 2301 875 2355 summita·
917 2316 977 2354 rem
1003 2300 1128 2365 srnrrn²¹‚
1158 2320 1169 2352 o
1199 2299 1273 2370 qnod
1296 2316 1358 2353 cum
1383 2298 1511 2353 Christus
1540 2298 1715 2353 ascendendo

19 2390 135 2440 um
150 2388 237 2458 eiust,
259 2404 269 2437 r
294 2388 368 2459 quod
397 2388 606 2458 comparatione
628 2388 739 2442 illorum
765 2390 876 2459 angelo·
916 2390 1017 2443 celum
1028 2395 1144 2461 peteret,
1154 2389 1310 2443 sanctitatis
1322 2388 1490 2442 snectutem
1501 2386 1624 2442 Ecclesia
1637 2398 1714 2441 ema-

23 2486 139 2530 rum
152 2477 199 2531 ille
214 2477 323 2549 primus
337 2478 454 2546 angelus
469 2477 552 2531 altior
565 2476 628 2530 luit.
917 2478 1002 2532 norit.

115 2566 235 2620 albertici
257 2567 346 2620 sancti
375 2570 442 2619 sunt
469 2570 534 2619 ante
564 2568 663 2636 legem,
686 2570 717 2620 ut
740 2567 770 2620 in
791 2567 843 2621 Job
866 2586 871 2621 :
952 2566 1030 2630 ,leun
1044 2566 1157 2636 punctio
1172 2565 1285 2627 doloris,
1301 2565 1375 2619 utin
1390 2564 1539 2636 Evangelio
1559 2585 1565 2620 :
1585 2582 1596 2618 l
1614 2566 1714 2620 canoa

24 2668 66 2701 α
112 2653 190 2718 Quasi
218 2654 375 2709 abortiuum
399 2655 623 2719 absconditum⁷,
647 2678 658 2701 o
685 2655 760 2726 quod
786 2657 874 2711 sancti
915 2655 973 2709 lum
991 2656 1178 2726 perforamen
1199 2664 1265 2708 acus
1289 2654 1394 2708 intrare
1408 2652 1440 2718 ¹¹,
1460 2672 1473 2707 a
1491 2656 1564 2726 quod
1587 2650 1715 2709 Christus

16 2746 142 2796 ante
150 2743 241 2814 legem
256 2744 320 2798 huic
335 2745 439 2798 inundo
455 2760 487 2798 ex
502 2760 604 2815 magna
625 2750 704 2815 porte
720 2743 873 2799 absconditi
915 2745 1080 2815 punctiones
1095 2738 1197 2797 doloris
1211 2742 1359 2814 pertulerit
1373 2743 1403 2796 ln
1417 2756 1508 2798 cruce.

18 2824 187 2887 meunt.
204 2835 365 2887 anormala
382 2834 555 2905 imperiectio
570 2833 701 2897 hominis,
717 2838 749 2887 ut
762 2834 792 2888 in
804 2833 875 2888 libro
951 2832 1160 2887 .·ldolcsccolula
1174 2832 1274 2887 animae
1287 2838 1354 2886 sunt
1367 2838 1538 2899 sanctorum,
1551 2837 1583 2886 ut
1597 2832 1626 2886 in
1641 2833 1715 2887 uon-

17 2912 100 2969 N
107 2936 159 2974 um.
173 2940 179 2974 ε
192 2943 204 2969 o
215 2922 300 2986 Quasi
315 2922 568 2993 abortirn1n‚quod
584 2923 748 2977 extrahatur
763 2939 780 2976 a
794 2923 873 2977 vulva
914 2922 970 2976 tiro
980 2920 1003 2956 ¹³
1016 2942 1021 2976 :
1034 2924 1239 2976 adolescentula
1249 2920 1339 2987 dicta,
1353 2920 1428 2992 quod
1437 2921 1543 2976 devotae
1553 2923 1715 2976 sanctorum

20 3009 172 3062 matris
187 3026 245 3064 suae
260 3014 280 3071 ⁸,
299 3027 312 3062 n
329 3011 403 3081 quod
418 3015 626 3064 murmurantes
646 3028 663 3064 a
679 3016 768 3064 matre
781 3011 874 3080 gratia
915 3010 1016 3066 animer.
1031 3009 1174 3066 Christum
1189 3008 1319 3080 diligunt.

19 3086 229 3167 imperfecti
242 3098 438 3169 projiciuntur.
884 3069 906 3130 G
951 3100 1035 3169 :ideas
1049 3104 1091 3153 est
1100 3098 1231 3153 divinitas
1242 3098 1355 3164 coristi.
1368 3102 1400 3152 ut
1411 3099 1440 3152 in
1451 3088 1570 3153 Psalmis
1582 3108 1588 3154 τ’
1602 3116 1614 3151 o
1626 3095 1715 3171 ddipe

112 3188 244 3255 Accipiter
259 3187 377 3258 quilibet
394 3188 509 3252 electus,
524 3196 555 3241 ut
573 3187 601 3241 ln
615 3187 668 3241 lob
683 3206 688 3240 :
708 3208 719 3237 i
741 3188 873 3259 Nunquid
914 3188 1047 3242 frumenti
1062 3188 1147 3242 satiant
1161 3187 1252 3247 te¹¹,n
1267 3187 1340 3258 quod
1357 3187 1498 3241 coelesteln
1514 3185 1593 3242 iliam
1605 3185 1716 3243 Jerusa-

29 3278 127 3333 Pei·
137 3276 304 3346 sapientiam
322 3282 400 3330 tuam
420 3277 568 3348 plumescit
590 3277 724 3347 accipiter
734 3278 780 3337 ⁹,»
799 3276 873 3348 quod
914 3278 969 3331 lem
985 3278 1113 3332 Christus
1125 3276 1270 3330 divinitate
1286 3277 1385 3347 pascit.
1397 3275 1482 3345 Alirps
1500 3274 1619 3348 simplex
1633 3277 1716 3332 intel-

31 3363 160 3417 tollas
183 3363 235 3418 Dei
260 3364 302 3418 sir
320 3370 434 3420 sanctus
457 3366 567 3437 plumas
588 3365 722 3420 virtutum
742 3366 870 3437 acquirit.
914 3367 1001 3420 lectus
1017 3367 1177 3437 Scriptura,
1191 3372 1224 3420 ut
1245 3366 1272 3418 in
1289 3364 1407 3419 Psalmis
1425 3383 1430 3417 :
1450 3384 1462 3417 o
1480 3365 1588 3420 Ciban't
1606 3365 1669 3421 ilios
1683 3384 1716 3421 ex

36 3436 129 3506 Per
140 3456 301 3522 accipitrem
316 3471 438 3525 rapaces,
454 3456 486 3508 ut
497 3455 527 3508 in
538 3455 670 3509 Daniele:
691 3478 703 3505 o
721 3456 756 3509 Et
765 3472 873 3525 ungues
914 3456 995 3526 adipe
1010 3455 1142 3509 frumenti
1159 3454 1191 3521 ¹⁵,
1211 3474 1222 3499 n
1240 3453 1314 3524 qnod
1327 3454 1446 3524 simplici
1461 3454 1604 3509 intellectu
1620 3452 1718 3511 reiecit

39 3543 199 3595 “essent
213 3542 293 3612 quasi
312 3544 453 3614 accipitris
466 3543 523 3605 ¹⁰,o
544 3544 617 3614 quod
634 3545 681 3614 qui
705 3561 756 3615 per
774 3558 872 3616 super·
913 3562 970 3599 eos.
996 3544 1091 3611 .-ldeps,
1115 3543 1261 3614 spirituale
1285 3542 1465 3607 desiderium,
1492 3546 1525 3596 ut
1554 3543 1584 3596 in
1607 3544 1716 3598 cantico

40 3610 148 3684 hlatui
158 3631 187 3684 in
199 3637 294 3685 mente
302 3631 489 3703 ‹lecipiuntur,
498 3638 526 3687 et
536 3638 625 3702 usque
638 3634 673 3686 ad
685 3634 873 3705 cornpunctlo·
913 3618 1137 3686 Deuteronomii:
1151 3652 1164 3680 o
1176 3631 1246 3685 Cum
1258 3631 1340 3700 adipe
1351 3642 1488 3701 agnarum
1499 3636 1528 3684 et
1537 3620 1714 3698 aristone»

47 3718 123 3773 ¹les
136 3720 310 3791 rapacitatis.
912 3721 940 3775 id
953 3728 1005 3787 est,
1022 3732 1085 3775 cum
1106 3718 1223 3791 spiritali
1238 3718 1377 3773 desiderio
1405 3718 1581 3774 subditorum
1601 3722 1630 3774 ct
1644 3728 1716 3792 prae-¹

107 3808 222 3863 dicteria
244 3811 288 3862 est
309 3809 397 3875 dolus,
413 3815 446 3864 ut
470 3808 498 3863 in
513 3809 663 3880 Evangelio
680 3830 685 3863 ε
705 3831 718 3862 o
744 3812 873 3882 implerit
913 3810 1045 3864 latorum.
1056 3811 1151 3878 ,ldepn
1164 3807 1348 3871 abundantia,
1357 3814 1387 3862 ul
1398 3808 1428 3862 iti
1437 3808 1570 3862 Psalmis:
1586 3806 1717 3865 «Prodili

51 3897 219 3968 wangiam
228 3897 348 3962 aceto¹¹,
366 3918 377 3949 n
395 3900 469 3969 quod
485 3899 603 3970 replerit
616 3898 743 3953 diabolus
756 3898 872 3971 populos
914 3899 993 3970 quasi
1012 3914 1044 3952 ex
1070 3898 1151 3969 adipe
1172 3897 1307 3968 iniquitas
1322 3906 1420 3952 eurum
1436 3895 1469 3959 ¹¹,
1494 3918 1506 3949 a
1524 3899 1552 3951 et
1572 3895 1646 3968 quod
1666 3906 1717 3970 per

51 3969 234 4071 fuderat-um
244 3984 341 4040 fraude
356 3994 384 4040 et
392 3987 466 4041 dolo.
479 3988 498 4041 ,1
504 3988 690 4059 cetampiger
702 3988 828 4058 quilibet,
840 3987 873 4043 nt
914 3987 1114 4042 abundantiam
1129 3996 1209 4040 suram
1223 3985 1386 4057 peccabant,
1401 3985 1494 4061 adopt,
1508 3986 1628 4040 carnalis
1644 3986 1714 4042 laeti-

52 4074 93 4124 111
120 4074 270 4130 parabolis
288 4093 294 4127 :
320 4094 332 4128 ι
358 4076 436 4130 Sicut
454 4081 564 4131 acetum
587 4077 717 4131 dentibus
743 4080 871 4131 amarum
913 4077 1002 4143 tia,nt
1012 4077 1040 4130 in
1053 4075 1171 4129 Psalmis
1182 4094 1187 4128 :
1198 4095 1210 4125 o
1223 4074 1342 4144 Adipem
1353 4090 1435 4128 suum
1447 4074 1646 4141 concluserunt
1655 4068 1712 4141 ¹¹,s

52 4166 110 4217 ece
129 4158 165 4223 ¹¹,
186 4163 255 4217 asic
275 4164 355 4234 piger
370 4164 482 4223 sanctis,
501 4165 548 4235 qui
567 4162 666 4218 dentes
681 4166 868 4236 appellantur,
914 4166 942 4219 id
966 4172 1016 4229 cst,
1041 4167 1181 4219 carnalem
1205 4180 1286 4218 suam
1315 4163 1448 4218 laetitiam
1466 4164 1712 4220 confirmaverunt.

51 4238 236 4324 hequem
255 4257 338 4305 nocet
359 4252 474 4306 verbum
494 4253 698 4318 commotionis,
718 4258 750 4307 ut
773 4254 802 4308 in
817 4254 871 4308 Pa·
913 4254 1007 4322 loen,
1025 4254 1134 4308 bonitas
1151 4253 1291 4308 interioris
1306 4252 1467 4319 voluntastis,
1479 4258 1511 4307 ut
1525 4253 1554 4307 ln
1569 4252 1688 4308 Psalmis
1706 4271 1713 4308 τ

51 4340 198 4396 rabolis:
217 4358 230 4392 o
246 4341 357 4412 leara,
370 4342 421 4402 sal,
437 4348 547 4396 acetum
563 4343 591 4396 in
607 4342 727 4407 vitiis,et
742 4344 788 4414 qui
804 4360 871 4397 can·
881 4354 924 4428 D«
941 4343 1018 4397 Siout
1026 4343 1107 4414 adipe
1118 4351 1145 4396 ct
1157 4342 1327 4413 pinguedine
1337 4340 1480 4412 repleatur
1489 4341 1583 4395 anima
1591 4338 1711 4405 mea”,n

49 4422 206 4485 necorde
220 4431 343 4500 pessimo
358 4431 389 4493 ¹¹,
405 4450 417 4482 n
434 4431 508 4502 quoti
523 4431 635 4502 quando
651 4448 781 4502 permrsa
793 4449 872 4486 inens
913 4431 941 4484 id
966 4437 1017 4497 est,
1043 4432 1160 4485 interius
1186 4422 1259 4484 bona
1287 4434 1361 4495 loce,
1390 4428 1462 4483 sicid
1490 4430 1611 4483 exterius
1639 4428 1713 4484 bolla

49 4520 222 4591 eomipitur
237 4525 404 4577 murmurat,
415 4520 487 4574 sicut
500 4520 605 4575 nitrum
621 4520 750 4575 ier·rcsclt
760 4520 872 4574 clabul-
913 4520 1031 4574 actione.

52 4596 113 4672 lib,
130 4608 243 4679 quando
258 4608 373 4679 ponitur
386 4608 414 4662 ln
430 4615 518 4663 aceto.
530 4596 652 4676 lection,
664 4609 823 4670 infidelitas,
841 4617 872 4663 ut
947 4610 1010 4673 lor,
1028 4620 1107 4662 luens
1129 4605 1278 4676 cujuslibet
1304 4605 1425 4659 bominis
1454 4605 1605 4673 secularis,
1627 4610 1659 4660 et
1678 4607 1710 4661 in

52 4687 94 4746 in
116 4696 256 4750 Psalmis:
275 4697 331 4751 'tln
348 4697 395 4751 siti
406 4708 469 4751 mea
482 4702 647 4769 potaterunt
663 4716 707 4752 me
718 4704 796 4753 aceto
807 4698 838 4757 ¹¹,
858 4718 869 4749 ι
912 4698 964 4751 ,lob
981 4714 986 4751 :
1006 4708 1016 4747 1
1035 4696 1133 4752 Subito
1147 4710 1197 4749 aer
1210 4699 1326 4763 cogetur
1347 4693 1526 4757 torruisse,
1546 4717 1556 4745 ι
1576 4696 1650 4766 qllud
1665 4702 1711 4750 le·

57 4777 96 4834 iu
123 4788 172 4847 est,
189 4800 243 4857 ego
269 4786 353 4840 lldem
380 4803 476 4841 eorum
495 4787 562 4847 sitii,
584 4792 613 4842 et
632 4789 685 4858 ipsi
708 4788 871 4842 inlldelitote
912 4787 1026 4857 pentina
1041 4786 1146 4839 scilicet
1165 4784 1411 4855 spirltusmlulere
1426 4792 1505 4838 inens
1520 4784 1709 4840 saecularisati

61 4882 122 4925 me
137 4878 309 4944 potaverunt.
912 4876 1090 4929 sanititatem
1102 4875 1275 4945 perducitur.

112 4964 193 5027 icles,
211 4963 307 5018 unitas
322 4966 484 5031 electorum,
502 4970 535 5018 nt
554 4966 585 5018 in
599 4965 726 5019 cantico:
747 4982 760 5017 ι
775 4965 871 5019 Terri-
948 4967 1019 5031 Aper
1031 4970 1074 5017 est
1088 4961 1220 5026 mundus,
1232 4966 1264 5014 ut
1277 4961 1306 5014 in
1320 4961 1471 5030 Evangelio
1486 4980 1492 5014 :
1510 4952 1647 5017 oliomlltl
1663 4964 1711 5032 qul

119 5196 198 5259 'Luc
211 5219 272 5265 vni,
286 5204 332 5259 31.
347 5203 359 5237 ’
372 5204 445 5258 Psal.
462 5218 559 5265 xxxin,
576 5203 602 5257 7.
624 5202 636 5237 ’
654 5205 699 5258 Ps.
717 5218 828 5269 cxxxiv,
843 5202 870 5257 a.
890 5202 901 5237 ’
921 5202 1005 5256 Exod.
1023 5216 1066 5265 xv,
1083 5203 1109 5257 5.
1126 5203 1137 5236 ⁵
1153 5204 1207 5258 lsa.
1223 5218 1280 5267 xci,
1296 5202 1341 5258 19.
1358 5203 1370 5236 ’
1385 5185 1485 5257 Erech.
1500 5216 1575 5267 xxxi,
1591 5201 1617 5256 8.
1633 5202 1643 5236 ¹
1657 5202 1709 5255 iob

15 5302 21 5337 2
86 5270 173 5330 ubit.
186 5276 291 5329 ¹Num.
304 5288 353 5337 xli,
372 5275 411 5331 li.
427 5276 439 5309 ¹
454 5275 505 5328 lob
522 5288 615 5335 xxxix,
631 5274 675 5329 39.
702 5275 724 5309 ¹⁰
739 5276 808 5329 Dan.
826 5289 864 5341 iu,
879 5272 925 5333 ln.
939 5274 960 5308 ¹¹
977 5274 1061 5327 Marc.
1079 5289 1123 5339 su,
1138 5273 1181 5329 36.
1199 5273 1222 5308 ”
1240 5277 1321 5329 Prov.
1339 5290 1365 5341 x,
1382 5274 1426 5329 aa.
1443 5273 1466 5308 ¹³
1480 5275 1562 5327 Prot.
1583 5288 1645 5339 inu,
1662 5272 1707 5326 ltu.

90 5328 109 5363 ⁸⁴
124 5338 183 5399 Psel.
199 5359 295 5413 carin,
312 5345 355 5400 ii.
373 5346 394 5379 ¹⁵
409 5348 491 5400 Cant.
507 5361 545 5412 vr,
562 5346 588 5409 3,
604 5347 629 5401 9.
647 5347 670 5380 ”
686 5348 765 5400 Cant.
782 5361 838 5411 xvi,
851 5346 877 5400 2.
893 5345 915 5379 ¹¹
930 5347 1032 5399 lienes.
1045 5360 1119 5405 xxm,
1135 5345 1179 5410 17,
1196 5345 1240 5400 18.
1254 5347 1275 5381 ”
1291 5347 1316 5400 ll
1328 5346 1395 5416 Reg.
1413 5357 1491 5407 xviii,
1503 5345 1548 5403 17.
1566 5344 1588 5378 ”
1603 5343 1706 5399 Mattb.

95 5411 144 5475 ΗΧ,
158 5414 197 5470 ll.
211 5415 236 5450 ¹¹
250 5419 329 5471 Prov.
345 5431 441 5479 nsvin,
456 5416 483 5473 8.
500 5416 520 5451 ²¹
537 5419 617 5471 Cant.
636 5432 654 5482 l,
671 5417 715 5472 l3.
739 5417 762 5450 ¹¹
783 5417 881 5471 Matth.
899 5432 955 5479 xix,
972 5417 1021 5482 ‘243
1040 5417 1125 5470 Marc.
1143 5433 1169 5482 a,
1194 5415 1248 5483 25;
1272 5418 1337 5471 Luc.
1356 5426 1434 5480 xviri,
1449 5416 1493 5472 25.
1505 5415 1529 5451 ¹¹
1543 5417 1624 5472 Cant.
1646 5422 1665 5481 l,
1679 5416 1705 5471 3.

98 5467 180 5608 {Papi
192 5488 356 5612 1311111214.
368 5487 391 5521 ¹⁵
406 5489 479 5543 Psal.
498 5501 578 5543 cxxx.
594 5490 638 5543 17.
655 5488 678 5522 ¹¹
693 5489 774 5542 Deut.
793 5499 877 5543 xxxii.
888 5487 932 5541 14.
948 5488 970 5522 ¹⁷
985 5488 1057 5541 l'sal.
1075 5499 1159 5547 cxxii,
1171 5488 1197 5541 l.
1210 5488 1232 5522 ¹¹
1245 5489 1315 5542 Psal.
1331 5503 1398 5551 xvir,
1411 5487 1456 5543 10.
1473 5488 1497 5523 ”
1510 5489 1583 5545 Psal.
1603 5494 1668 5543 rati.
1679 5488 1707 5542 u.

136 5570 149 5607 o
176 5566 302 5616 11111111.ι
333 5600 338 5610 .
