3772 6120
201 254 255 318 m
493 258 524 313 B.
545 252 684 314 meatu
706 254 822 316 MURl
840 256 1014 317 tuentur.-
1029 252 1192 317 neutum.
1212 258 1363 317 OPERUM
1378 262 1473 320 PARS
1490 260 1542 320 nt.
1783 260 1840 317 l&

199 386 356 449 nuntium,
376 384 480 439 verius
497 398 514 437 a
532 384 598 438 liliis
612 386 642 439 in
661 386 778 440 veritate
801 387 994 452 annuntietur,
1004 388 1161 448 Alucram.
1178 387 1236 440 Nec
1250 386 1611 458 enimsiriram,inquiam,
1622 385 1741 440 aterius
1749 384 1841 439 alieu-

200 475 251 530 tilii
269 481 404 529 aternam
420 473 622 528 beatitudinem
642 474 734 528 Patris
749 475 889 545 patienter
903 492 997 547 exspe-
1035 477 1084 546 jus
1097 476 1138 529 rei
1153 492 1249 529 curam
1265 475 1363 535 habeo,
1376 477 1430 530 nisi
1443 477 1534 530 solum
1549 475 1637 537 illam,
1653 491 1715 546 quat
1729 475 1765 529 ad
1779 476 1842 545 glo·

199 570 277 618 ctam
292 583 298 616 :
316 563 470 617 mercenari
476 564 660 633 temporalem
672 565 828 617 mercedem
838 566 996 619 eonduceu-
1038 565 1109 617 riam
1117 564 1240 634 pertinet
1251 564 1368 625 Christh
1382 564 1448 618 licet
1457 565 1563 618 moriar
1572 582 1623 635 pro
1632 582 1666 617 co
1675 578 1778 631 ntegrta
1794 581 1842 618 me

199 653 236 706 tis
251 656 385 723 exoptant
398 652 588 706 festinanter:
615 652 683 705 mihi
698 652 822 706 hnmana
835 654 934 722 gloria.
951 654 996 708 eui
1038 653 1176 706 lucmturn
1190 669 1253 706 esse
1266 654 1473 707 eorthdo.l'ado
1487 653 1563 707 etaim
1581 661 1615 705 ut
1628 652 1683 705 sim
1698 668 1762 706 cum
1778 653 1840 715 illo,

199 740 517 795 mercenariusinvidere
526 741 616 805 video,
628 741 781 803 minuatur,
797 746 826 794 et
840 747 936 796 tamen
948 760 998 813 per
1037 742 1112 795 unde
1126 750 1155 794 et
1168 758 1281 795 summa
1293 758 1357 796 uum
1372 742 1559 797 demiratione
1570 741 1685 810 adjicit:
1697 744 1730 796 Si
1742 748 1838 795 aretem

198 829 310 900 h‘nguas
320 830 558 883 memcnariorum
568 836 597 882 et
606 830 783 884 llllorumDei
793 830 896 884 Christi
907 832 998 901 gloria
1038 833 1127 883 vitree
1140 834 1169 883 ln
1188 846 1280 895 earne,
1295 833 1340 884 lile
1355 833 1428 883 teiln·
1440 834 1550 897 [iuretur
1565 834 1654 899 operis
1669 835 1717 893 est,
1733 832 1842 897 etquid

198 918 367 972 &nemetum
383 918 518 973 Videmus
532 919 601 972 istos
616 934 675 972 rem
695 919 809 989 quidem
828 926 953 973 sanctetm
969 926 997 974 et
1038 921 1137 985 eliaam
1147 922 1254 985 lqrtrrro.
1272 920 1401 973 coaretor
1415 923 1488 973 enim
1499 922 1654 973 esduobus.
1669 920 1840 972 ‹tetiderium

198 1012 305 1061 castam
316 1024 371 1061 aon
382 1012 457 1061 caste
467 1007 658 1074 annuntiasse,
671 1024 758 1077 quare
766 1008 872 1077 gaudet
881 1010 998 1079 Aposto-
1038 1008 1139 1061 liabens
1153 1013 1182 1059 ut
1197 1012 1327 1072 resoteor,
1339 1014 1365 1060 ct
1379 1026 1440 1061 cum
1457 1010 1565 1063 tlbrr'slo
1574 1012 1638 1061 sint.
1652 1012 1740 1061 intuito
1749 1010 1841 1073 inopis

199 1097 244 1150 lus
267 1111 323 1150 non
346 1097 421 1150 malo
438 1096 560 1162 illorum,
577 1096 626 1150 sed
646 1096 719 1149 bono
737 1097 860 1150 nominis
882 1097 995 1155 Christi.
1038 1099 1155 1149 suellen:
1165 1110 1328 1164 permanere
1341 1102 1432 1149 cute-m
1450 1099 1480 1150 iu
1495 1114 1579 1150 earne
1600 1100 1789 1151 summarium
1804 1102 1840 1149 cst

200 1185 415 1253 ldmtr.)llulta
422 1184 729 1253 demirationcdignurn
739 1184 813 1239 estid
825 1185 899 1255 quod
912 1186 998 1239 Paulo
1036 1190 1148 1252 propter
1158 1201 1211 1237 cus.
1227 1184 1325 1255 ltaque
1339 1191 1368 1238 et
1381 1185 1410 1238 in
1424 1185 1631 1239 dubitationem
1641 1189 1744 1250 vertor,
1763 1185 1843 1253 igno-

199 1273 305 1327 dietum
317 1280 370 1340 est,
381 1274 448 1327 lieet
457 1274 495 1327 sit
504 1279 533 1326 et
542 1273 648 1343 aliquid
659 1273 735 1327 aliud
750 1273 859 1327 simile:
877 1290 942 1338 non,
958 1273 998 1328 in·
1038 1288 1114 1337 rans,
1127 1272 1194 1342 quid
1215 1290 1260 1326 me
1272 1275 1418 1327 conveniat
1434 1275 1552 1343 eligere:
1568 1274 1690 1329 oblectat
1704 1273 1782 1327 enim
1797 1290 1843 1327 me

199 1362 269 1432 quit,
281 1362 402 1416 discutio
411 1362 558 1416 arbitrium
569 1362 691 1427 illorum,
702 1362 766 1416 licet
776 1362 810 1415 ad
819 1363 997 1416 nativitatem
1038 1361 1123 1429 hujus
1138 1361 1200 1415 rite
1212 1361 1312 1423 exitus,
1323 1378 1356 1415 eo
1367 1362 1441 1432 quod
1458 1363 1570 1417 Christo
1584 1378 1631 1415 me
1645 1362 1712 1415 sarit
1722 1363 1840 1416 adesse:

198 1466 290 1505 meam
306 1466 357 1521 per
379 1450 512 1504 invidiam
527 1451 578 1504 hat
593 1451 667 1522 quud
692 1452 733 1509 tlt,
751 1457 860 1505 tantum
882 1456 997 1504 cunctos
1036 1455 1150 1518 gratum
1162 1458 1260 1505 autem
1272 1451 1340 1504 mihi
1353 1458 1404 1511 est,
1429 1458 1460 1505 et
1475 1458 1507 1504 ut
1520 1452 1572 1504 sim
1587 1452 1616 1505 iu
1633 1452 1699 1505 rita.
1712 1468 1745 1503 eu
1767 1452 1842 1521 quod

198 1540 318 1593 doceant
332 1539 444 1593 Chrlsto
455 1539 578 1593 credere.
597 1541 654 1593 Nee
671 1539 745 1593 eninr
767 1547 799 1593 ut
810 1540 924 1609 quidam
938 1539 996 1593 exi·
1037 1538 1135 1591 multis
1145 1555 1178 1593 ex
1188 1538 1243 1592 illis
1255 1540 1304 1609 qui
1317 1540 1430 1593 Christo
1446 1541 1572 1594 extranei
1585 1540 1697 1593 suntad
1711 1540 1776 1609 ejus
1791 1556 1844 1610 po·

197 1627 382 1681 stimsverunt
396 1627 535 1681 licentiam
550 1628 579 1681 in
593 1628 638 1681 his
648 1628 747 1682 beatus
763 1629 866 1682 Paulus
882 1616 997 1699 praestat
1037 1632 1099 1680 tero
1120 1628 1272 1697 perducere
1291 1628 1385 1683 iidem.
1410 1631 1508 1699 ltaque
1523 1629 1577 1683 etsi
1591 1629 1693 1683 melius
1707 1634 1754 1682 est
1772 1627 1843 1682 mihi

197 1715 317 1786 illisqui
333 1717 516 1770 intervertere
537 1717 651 1787 pietatis
675 1717 794 1787 cupiunt
813 1717 924 1787 dogrna,
949 1718 997 1788 qui
1038 1715 1103 1768 hinc
1117 1715 1269 1781 discedere,
1282 1722 1314 1770 ut
1325 1716 1379 1769 sim
1391 1734 1455 1770 curn
1472 1718 1594 1775 Christe,
1606 1718 1655 1771 sed
1670 1724 1769 1770 minen
1778 1717 1844 1788 plus

197 1810 310 1858 matum
323 1820 374 1858 nos
387 1805 448 1858 vtrlt
459 1820 526 1875 erga
536 1806 682 1860 haereticos
693 1807 790 1859 odium
804 1805 916 1869 habere,
926 1806 998 1860 sicut
1038 1804 1217 1873 presentiam
1233 1820 1325 1858 meam
1340 1812 1456 1876 propter
1469 1822 1516 1859 ros
1527 1805 1715 1859 neeessariam
1728 1807 1843 1875 esscju·

197 1892 258 1964 ipse
266 1893 390 1948 scribens
399 1893 800 1949 dicit:Hercltcurnltoan'nem
808 1898 997 1963 poslprlmcm
1038 1892 1109 1949 dieo.
1129 1900 1161 1945 ut
1173 1893 1274 1948 ducam
1289 1911 1336 1948 ros
1353 1895 1402 1964 qui
1416 1895 1451 1948 ad
1466 1895 1551 1948 llrlcm
1569 1894 1712 1948 acceditis.
1737 1896 1840 1962 (Grau.)
1868 1918 1871 1923 ·

197 1988 223 2036 et
245 1983 394 2037 mndata
419 1987 616 2051 correptionem
632 1986 722 2036 clereto
738 1985 803 2049 (Tit.
820 1992 878 2052 ειυς
899 1984 947 2037 sed
962 1984 997 2037 dc
1040 1981 1075 2034 Et
1086 1989 1182 2034 tamen
1197 1981 1263 2035 alibi
1273 1982 1351 2048 dicit,
1361 1987 1412 2051 qm
1423 2000 1520 2036 tistitus
1532 1986 1561 2037 in
1573 1984 1842 2037 luctabitccnloiu-

196 2069 312 2125 illishoc
326 2071 355 2124 in
365 2072 427 2125 loco
436 2072 569 2142 loquitur,
588 2072 637 2143 qui
651 2087 749 2125 sanam
764 2072 877 2142 quidem
892 2072 996 2125 doctri·
1038 2073 1213 2135 peritissimus
1221 2075 1342 2137 prason,
1353 2088 1382 2125 eo
1392 2074 1464 2139 qtrod
1477 2072 1842 2139 aotttlanrsrrspoliari,esd

198 2174 263 2214 num
279 2160 564 2231 ducentdogmatum,
581 2160 687 2215 faciunt
699 2166 793 2214 autem
808 2160 876 2214 illud
891 2176 947 2215 non
961 2160 997 2215 ob
1038 2162 1215 2225 responait-tiri
1225 2160 1440 2213 ulciscebantur
1450 2162 1522 2227 qnod
1531 2164 1646 2213 resartae
1657 2166 1695 2212 art
1706 2177 1724 2211 n
1735 2160 1843 2227 ullolll

198 2249 288 2319 ipsam
306 2249 449 2319 pietatem.
459 2250 507 2303 sed
518 2254 549 2303 ut
562 2254 754 2303 commoveant
766 2254 865 2303 contra
875 2264 939 2303 eum
957 2250 997 2305 in-
1038 2246 1100 2299 b'or.
1117 2250 1155 2309 v).
1167 2247 1236 2301 Eme
1249 2255 1278 2301 et
1292 2249 1362 2301 mori
1378 2248 1530 2305 desiderat,
1543 2254 1573 2301 et
1586 2256 1682 2301 minen
1693 2264 1781 2302 came
1793 2266 1840 2303 ex·

197 2337 284 2391 sidias
300 2357 306 2405 3
322 2344 352 2391 et
366 2339 517 2392 ostendens
532 2338 665 2409 quoniam
684 2339 863 2409 consequenti
877 2339 994 2401 ratione,
1037 2335 1151 2405 spoliari
1164 2336 1307 2399 formidat,
1317 2354 1368 2390 cur
1379 2337 1430 2390 hoc
1441 2337 1454 2389 'l
1465 2338 1532 2407 quia
1545 2337 1597 2391 etsi
1610 2337 1729 2391 uictoria
1738 2338 1768 2391 in
1777 2354 1840 2408 per—

197 2426 238 2480 ita
246 2427 372 2497 persistit
386 2428 421 2480 de
437 2427 550 2497 illisqui
561 2426 934 2497 nonintegrcilludsaciunt,
946 2427 995 2481 sod
1039 2429 1154 2493 petuum
1165 2425 1297 2489 laetillcat,
1310 2426 1372 2495 ipsu
1385 2426 1569 2479 nihilominus
1578 2426 1614 2479 ad
1622 2442 1747 2496 presens
1759 2443 1839 2496 puna

197 2514 348 2569 insidiasei
361 2530 535 2570 commorere
553 2515 680 2586 cupiunt,
696 2518 779 2569 ether
792 2518 904 2583 quadem
915 2518 993 2569 ,tedet
1037 2512 1193 2582 perturbat.
1204 2520 1233 2566 et
1243 2515 1369 2584 quamvis
1384 2514 1564 2569 vineatamor
1571 2514 1771 2585 subsequentis
1780 2532 1839 2569 ntu-

138 2634 143 2643 ·
196 2605 475 2671 putrdebo:ser'ocnr'nr
488 2608 620 2672 ‹paoniant
634 2605 764 2658 haerenti
778 2606 940 2672 pr'oflcielr'n
952 2622 994 2658 sc-
1038 2602 1123 2657 neris.
1131 2602 1221 2671 tangit
1231 2608 1326 2656 tamen
1337 2620 1392 2656 non
1406 2604 1467 2656 sine
1477 2620 1596 2657 ramrore
1607 2604 1735 2657 animum
1744 2604 1839 2674 pulsus

199 2695 283 2747 tutem
292 2710 342 2762 per
355 2698 472 2747 cestrum
487 2696 649 2755 orat-ionem,
670 2699 695 2747 el
707 2694 995 2748 subministrationem
1038 2689 1235 2755 doloris,sicut
1256 2692 1331 2744 enim
1350 2692 1393 2745 vir
1406 2693 1485 2745 fortis
1500 2708 1564 2745 cum
1586 2692 1679 2746 ricino
1696 2694 1759 2762 jam
1775 2692 1839 2747 belli

197 2784 315 2850 spiritus
323 2784 386 2836 lem
396 2782 510 2837 Christi.
519 2782 569 2836 llis
579 2781 621 2835 ita
630 2782 738 2835 adestis
746 2782 995 2851 gaudiorumulor,
1038 2780 1193 2833 conamine
1201 2780 1289 2833 armis
1298 2781 1461 2850 accingitur,
1476 2781 1766 2851 palpitatetlestinat
1781 2788 1837 2835 tre-

197 2870 288 2924 sclens
313 2870 446 2942 quonlam
465 2870 494 2924 in
516 2870 612 2924 futuro
627 2870 730 2925 sucula
748 2870 811 2940 plus
834 2869 998 2940 gratulabor
1038 2866 1126 2921 mitet
1133 2868 1220 2934 stetit,
1228 2869 1307 2938 quasi
1321 2886 1422 2940 parcre
1433 2886 1483 2941 per
1498 2870 1631 2940 pallorem
1645 2871 1836 2934 cernitur,ued

196 2960 311 3029 quando
319 2974 371 3030 pro
379 2959 423 3013 his
436 2959 594 3013 mercedem
604 2959 738 3029 recipiam
753 2957 829 3012 robis
839 2957 994 3023 orantibus,
1039 2971 1089 3025 pur
1102 2956 1176 3009 irum
1187 2957 1368 3011 veliementer
1381 2966 1517 3028 urgetur:
1536 2959 1576 3013 ita
1589 2960 1631 3013 vir
1645 2968 1763 3013 sanctus
1774 2976 1838 3013 curu

196 3047 345 3102 etChristo
358 3049 480 3118 gratiam
491 3047 609 3117 spiritus
622 3047 764 3117 copiosam
778 3046 859 3101 nobis
873 3063 924 3117 pro
934 3046 996 3101 istis
1036 3045 1158 3113 passioni
1174 3046 1363 3116 propinquare
1372 3064 1403 3100 se
1416 3048 1560 3117 conspicit.
1574 3054 1603 3101 et
1612 3054 1722 3101 naturus
1731 3064 1790 3102 sum
1799 3048 1839 3101 in-

195 3136 347 3205 praebente,
363 3152 397 3189 eo
411 3136 485 3207 quod
500 3140 529 3189 et
546 3135 780 3189 resunectionem
795 3136 995 3206 perspiritum
1037 3133 1171 3186 tirmitatc
1189 3135 1380 3195 contunditur,
1397 3142 1426 3189 et
1444 3137 1504 3207 spei
1520 3154 1577 3190 snae
1592 3136 1712 3189 solidate
1726 3136 1839 3190 rubora-

195 3230 323 3278 sanctum
331 3225 392 3278 lieri
403 3224 609 3295 exspectabant,
622 3229 650 3278 et
663 3224 824 3278 insitionem
836 3224 996 3279 futurorum
1006 3228 1092 3320 Ctur,
1109 3228 1138 3275 ot
1151 3222 1186 3276 dc
1199 3224 1290 3276 vicina
1303 3232 1393 3277 mortu
1403 3225 1534 3295 trepidat.
1547 3233 1576 3278 ct
1590 3232 1685 3277 tamen
1696 3226 1773 3296 quud
1783 3241 1841 3279 mo-

198 3312 343 3379 bonnrnm,
361 3328 395 3367 eo
410 3314 485 3383 quod
499 3319 565 3367 ante
578 3313 690 3384 assequi
704 3312 864 3384 sperabant.
875 3314 994 3368 [tridens
1036 3309 1135 3363 riendo
1149 3310 1241 3365 verius
1255 3312 1460 3373 rivatexultat,
1472 3314 1509 3366 ad
1523 3330 1643 3383 regnum
1660 3314 1768 3384 quippe
1782 3330 1838 3368 non

196 3406 291 3454 autem
315 3407 367 3464 est,
391 3402 525 3473 quoniam
544 3408 572 3455 et
585 3402 686 3456 luturae
699 3401 796 3472 gloriae
816 3403 993 3473 splendorem
1036 3404 1129 3468 potest
1142 3400 1195 3453 uisi
1209 3401 1376 3470 interposita
1391 3409 1480 3455 ruorte
1494 3403 1625 3463 tramsire,
1647 3410 1676 3454 et
1691 3402 1796 3456 idcireo
1811 3408 1840 3456 et

196 3504 247 3560 pro
257 3490 340 3543 modo
351 3490 415 3544 hdei
428 3491 471 3545 rel
481 3490 608 3544 laborum
621 3510 637 3544 a
648 3490 748 3561 spiritu
762 3490 815 3545 sibi
825 3491 922 3545 itidem
931 3492 993 3547 dari
1035 3488 1411 3559 conlitendoquasiambigit.
1421 3492 1537 3560 etquasi
1547 3490 1697 3544 ambiendo
1709 3491 1836 3556 conlidit

195 3578 402 3650 exspectabant.
418 3580 494 3633 Bene
502 3596 569 3649 ergo
579 3579 866 3635 subministrationem
877 3580 993 3650 spiritus
1034 3582 1064 3629 et
1088 3577 1215 3645 gaudeus
1240 3579 1349 3637 metuit.
1367 3588 1396 3631 et
1420 3587 1548 3632 metuens
1565 3580 1681 3647 paueret,
1703 3579 1774 3649 quia
1787 3579 1842 3635 scit

195 3667 275 3734 dlrit,
288 3674 320 3722 ut
331 3669 438 3738 largam
448 3669 605 3739 mercedem
616 3668 787 3738 signiticaret
797 3675 826 3723 et
835 3669 994 3723 retributio-
1034 3666 1110 3734 quod
1127 3666 1163 3718 ad
1178 3665 1304 3719 bravium
1324 3668 1427 3736 quietis
1445 3684 1501 3721 noa
1522 3668 1674 3737 per-teniat,
1704 3668 1760 3723 nisi
1776 3670 1837 3733 hoc,

196 3770 264 3811 num
280 3757 502 3828 magnitudinem
514 3757 601 3821 illam,
613 3758 793 3828 quamdecet
802 3758 992 3828 spiritumtri·
1034 3754 1109 3824 quod
1131 3754 1280 3823 interjacet
1294 3772 1358 3809 cunr
1374 3756 1471 3810 labore
1494 3758 1676 3811 transcendat
1695 3758 1758 3812 :sic
1787 3774 1840 3812 uos

194 3844 471 3917 huere,etqnoniam
487 3846 668 3917 licetmegna
684 3846 742 3901 sint
756 3847 805 3901 illa
818 3864 881 3917 quse
895 3862 992 3917 exspe-
1034 3858 1098 3896 eum
1118 3843 1231 3897 morbos
1250 3861 1269 3897 a
1295 3861 1411 3915 corpore
1435 3846 1569 3915 repellere
1583 3846 1725 3915 cupimus.
1740 3848 1838 3901 tristes

194 3933 990 4006 etantur,sedettrihulationespraesentesmagnaeerunt,
1034 3932 1149 4001 quidem
1174 3948 1303 3986 amarum
1327 3934 1501 4003 purgationis
1529 3935 1659 4004 poculum
1684 3936 1833 4001 sumimus,

194 4022 334 4091 siquidem
348 4028 376 4076 et
399 4024 470 4076 tales
484 4023 592 4077 insidia
606 4023 740 4078 adversus
755 4040 820 4079 eum
834 4023 870 4077 ab
885 4024 928 4076 his
944 4023 992 4094 qui
1033 4025 1110 4073 certe
1123 4028 1219 4074 autem
1233 4022 1268 4075 de
1281 4021 1461 4092 subsequenti
1477 4024 1569 4076 salute
1582 4024 1752 4092 gaudemus,
1770 4025 1833 4094 quir

195 4110 321 4179 ejusdem
336 4110 401 4162 lldei
416 4117 499 4165 erant
512 4110 751 4182 purpurabantur.
1033 4109 1109 4161 errim
1124 4110 1269 4180 pertenire
1283 4127 1384 4181 corpus
1399 4112 1483 4165 aliter
1495 4112 1531 4164 ad
1546 4113 1666 4165 sulutem
1682 4129 1741 4169 nun
1752 4114 1830 4179 valet,

229 4198 386 4253 Secrendrnn
401 4200 631 4267 dispensationem
645 4204 670 4253 el
684 4216 756 4268 rpem
771 4203 992 4267 meritamierita
1033 4198 1063 4251 in
1077 4203 1145 4267 potu
1159 4197 1229 4252 libet
1243 4199 1328 4251 etiam
1354 4200 1428 4270 quod
1446 4200 1539 4263 uellet,
1555 4217 1677 4270 cumque
1699 4202 1830 4255 mnarilu

195 4289 283 4341 nullis
291 4289 458 4355 confundar,
470 4289 516 4342 sed
526 4290 556 4341 in
564 4291 643 4341 ornat
654 4290 756 4354 Μυσία
769 4291 841 4342 sieut
854 4295 991 4358 scrttpsrat
1032 4286 1092 4339 dini
1104 4287 1196 4339 inesse
1209 4287 1297 4349 uitam
1315 4288 1427 4342 unirrrus
1441 4289 1586 4358 conspicit,
1599 4278 1721 4344 interere
1735 4290 1828 4345 turba·

195 4390 271 4430 nunc
284 4378 512 4445 maanflaabuor
530 4378 656 4431 Obrutus
671 4381 703 4430 la
719 4393 829 4445 corpore
847 4394 915 4437 rnen,
936 4381 991 4433 sive
1032 4381 1079 4428 tus
1093 4375 1245 4429 hilarescit.
1268 4378 1364 4441 (tlon.)
1385 4378 1511 4447 Denique
1526 4377 1623 4431 beutm
1637 4378 1744 4433 Paulm
1769 4396 1830 4433 cum

191 4466 992 4536 metramatvcperveronen.Desperationemsddenter
1032 4480 1063 4517 se
1086 4450 1173 4518 tantis
1199 4482 1233 4518 ae
1255 4465 1359 4518 talibus
1373 4465 1457 4518 ditari
1481 4466 1618 4520 fructibus
1644 4476 1784 4528 cerneret,
1804 4476 1831 4521 st

192 4552 264 4607 illud
277 4553 353 4619 dicit,
369 4555 444 4625 quod
458 4570 572 4626 sperare
586 4570 642 4609 non
664 4555 760 4625 possit,
780 4555 840 4609 uult
855 4555 930 4609 enim
951 4553 1309 4634 di·Decontrariotheoriae
1319 4553 1422 4608 bonum
1432 4555 1662 4626 cordepoasaret,
1674 4557 1790 4611 acvelut
1802 4556 1831 4611 in

194 4654 275 4692 cere:
292 4644 424 4711 quoniam
439 4643 504 4697 licet
522 4643 551 4697 in
563 4643 651 4698 tantis
659 4644 837 4714 constringar
854 4644 946 4709 mulis,
959 4649 992 4698 ut
1031 4658 1090 4696 una
1104 4643 1183 4696 lance
1203 4648 1347 4697 tantorum
1366 4643 1493 4697 laborum
1513 4645 1678 4714 profectum,
1692 4645 1721 4698 in
1742 4646 1831 4700 altera

193 4727 340 4797 desperem
360 4730 396 4783 de
415 4732 609 4801 presentibus,
630 4738 660 4786 et
681 4734 787 4787 nullam
810 4732 991 4788 subrelictum
1031 4732 1244 4786 delectationem
1265 4732 1364 4786 ditiaae
1384 4733 1627 4803 conteruplationis
1646 4734 1830 4804 appenderet,

194 4830 272 4885 spem
282 4816 690 4876 salutiseaistimem:sedtunc
699 4822 988 4893 sperononeunlirndi,
1031 4821 1830 4892 diuexaminepectcrissuiquodaminodocestigataduru

195 4901 410 4970 valdeedoetus,
427 4910 560 4975 quoniam
585 4926 704 4981 magnus
718 4911 831 4982 perilla
849 4928 910 4981 quse
924 4924 991 4980 erga
1030 4910 1111 4963 illum
1120 4909 1322 4964 hinclaborum
1336 4910 1477 4980 stipendia
1489 4911 1628 4964 immensa
1639 4911 1833 4973 delectantil-

194 5006 241 5046 me
249 4998 317 5047 tunt
330 4992 469 5048 videbitur
480 4997 619 5063 Christus,
630 5000 687 5051 sire
702 4999 792 5052 uiuam
802 4998 858 5053 sire
864 5000 971 5052 moriar
982 5019 987 5067 ς
1031 4998 1087 5053 linc
1099 4999 1269 5053 desiderium
1289 4998 1405 5052 urriurtis
1418 5008 1447 5052 et.
1461 4999 1653 5070 inseparabilis
1670 5000 1778 5055 Christi
1788 5019 1850 5057 so·-

193 5096 286 5154 neque
308 5088 428 5137 mortem
442 5098 534 5137 meam
549 5087 609 5140 lteri
625 5088 738 5142 Christo
751 5087 877 5141 absolute
891 5104 990 5142 conce·
1031 5088 1119 5141 detes
1133 5088 1219 5142 ctiam
1233 5088 1270 5141 ad
1284 5088 1482 5157 resolutionem
1497 5090 1589 5143 carrus
1604 5088 1713 5149 invitaet,
1730 5090 1834 5147 anxitrs

192 5169 278 5225 derne
291 5177 341 5227 aut
354 5186 432 5225 vane.
446 5171 480 5225 Et
489 5173 622 5242 quoniam
638 5176 716 5241 dixit,
726 5177 792 5246 quia
802 5179 991 5243 snuprrlsicubi-
1031 5176 1145 5229 tandem
1167 5177 1331 5247 proclamat,
1348 5185 1377 5231 et
1394 5177 1463 5229 dicit
1478 5196 1483 5228 :
1508 5179 1579 5244 Ouid
1593 5182 1696 5245 stipam
1717 5182 1831 5247 ipsura.

195 5262 244 5310 tur
262 5260 396 5328 obtusus,
415 5261 467 5315 hoc
479 5266 574 5314 autem
595 5264 715 5319 necdum
734 5264 926 5336 probationem
937 5264 989 5319 ha·
1031 5264 1695 5320 coarctorauteminductusdesidcriumbubcns
1704 5268 1833 5333 dissuti,

193 5343 279 5400 bebat
291 5347 403 5403 illorum
419 5366 480 5421 qua
492 5364 560 5419 arga
573 5366 637 5403 eum
652 5359 742 5420 erant,
759 5353 991 5423 ostendensque
1031 5359 1055 5408 et
1068 5370 1132 5408 curn
1148 5356 1254 5410 cbristo
1268 5370 1330 5415 csse,
1347 5358 1436 5408 merito
1446 5358 1521 5408 ruha
1531 5359 1644 5409 bertius:
1662 5371 1833 5423 permanere

193 5433 271 5489 ruam
283 5441 313 5490 ct
326 5436 379 5491 hec
390 5438 531 5493 mffieiens
540 5438 577 5492 stt
586 5438 639 5492 sibi
648 5441 672 5494 si
683 5442 812 5498 Christus
826 5442 990 5513 magnilica·
1030 5449 1123 5497 autem
1137 5446 1170 5497 in
1182 5458 1266 5497 corna
1274 5444 1364 5509 templs
1373 5447 1558 5497 momerium
1570 5448 1683 5511 propter
1693 5446 1834 5502 roncum

193 5520 989 5600 tttv,·tjscrt:rrtstsutmvbmatuamsw,otmt
1029 5527 1835 5604 mmmmmoffismmuujmwllmummeb
