3786 6128
125 253 192 309 litt
415 252 446 305 B.
467 250 603 306 MBANI
623 247 739 305 madal
758 247 927 303 ARCHIEP.
947 247 1110 304 MOGUN’l’.
1132 246 1285 305 OPERUM'
1298 248 1391 305 lalus
1408 251 1459 307 111.
1689 246 1756 306 liat

118 373 1004 448 tioniaexprimittsedhacbenedicuntllominum,qnan·Aest
1016 380 1102 438 terra,
1120 380 1151 428 et
1163 373 1308 445 plenitudo
1324 376 1394 444 ejus,
1413 373 1640 430 orbisterrarum
1656 374 1756 429 muni»

120 467 155 521 do
176 467 305 520 homines
327 465 434 519 faciunt
455 465 626 519 benedicere·
643 464 805 518 Creatorem
824 479 917 529 suum,
960 463 1032 517 versi
1049 464 1097 534 qui
1113 462 1240 517 habitant
1255 464 1282 517 in
1298 479 1330 516 ea
1349 466 1429 523 lPsal.
1447 466 1532 529 mni,
1554 484 1567 514 s
1588 470 1617 518 et
1632 464 1756 534 quamuis

12 590 24 600 κ
119 556 168 626 qui
183 555 331 610 sanctiviri
340 562 368 608 et
379 554 407 608 in
419 553 559 625 prosperis
572 560 601 607 et
619 554 648 607 in
667 553 790 606 adversis
810 568 920 623 semper
960 556 1064 605 terram
1074 553 1102 605 in
1114 551 1187 606 bono
1196 570 1227 606 ac
1239 553 1261 606 si
1279 553 1308 607 in
1327 553 1401 607 malo
1415 553 1481 624 poni
1495 569 1571 625 saepe
1588 552 1755 616 noverimus,

120 643 409 699 lauduntllominum.
420 643 500 698 Unde
509 644 659 714 Apostolus
669 642 833 696 exhortatur
845 660 850 693 ι
863 660 876 694 u
887 646 919 696 ut
960 641 1005 695 hic
1020 646 1115 695 tamen
1136 642 1286 696 Ecclesiam
1301 641 1435 697 debemus
1450 642 1606 708 advertere,
1621 658 1684 713 quae
1707 641 1755 694 llo·

120 733 149 788 in
159 733 287 786 omnibus
296 733 553 803 glorificeturDeus
565 748 614 803 per
624 732 720 785 lesum
734 731 886 786 Christum.
904 750 919 783 u
961 731 1038 785 mino
1053 731 1213 801 specialiter
1230 748 1299 803 pura
1315 738 1409 785 rnente
1424 731 1587 785 famulatur.
1605 730 1680 785 Nam
1701 730 1757 785 licet

121 822 258 877 Similiter
268 828 390 892 quatuor
398 839 493 876 versus
502 820 776 892 sequentesintelligi
790 826 917 891 possunt,
961 820 1054 875 omnia
1067 819 1169 891 abysso
1178 821 1235 874 sint
1244 821 1365 881 condita,
1382 826 1476 875 tamen
1495 820 1565 874 illud
1592 819 1684 891 ipsius
1704 836 1757 874 aaa

122 910 283 965 ubidicitur
298 930 304 964 :
961 910 1074 980 propria
1087 910 1216 970 dicimus,
1233 910 1307 981 quod
1322 926 1387 964 eum
1401 916 1552 964 veneratur
1561 914 1755 976 auctoratum

159 1017 177 1052 u·
188 1000 358 1064 benedicite,
375 1005 470 1054 noctes
483 1005 511 1052 et
525 1000 595 1062 dies,
618 999 778 1053 Dominum.
805 998 922 1053 Benedi·
961 997 1025 1052 ideo
1037 999 1159 1053 Ecclesia
1169 1015 1226 1053 non
1236 999 1378 1053 immerito
1388 998 1533 1053 fructifera
1542 998 1756 1052 bonorumtam

124 1089 218 1155 acite,
236 1090 282 1143 lux
296 1089 468 1155 ettenebrce,
494 1089 654 1142 Dominum.
682 1088 850 1153 benedicite,
876 1087 923 1141 tii-
962 1088 1124 1158 suscipitur,
1138 1089 1205 1160 quia
1219 1088 1311 1143 nutrit
1331 1094 1362 1142 et
1380 1089 1505 1142 continet
1525 1087 1665 1159 populum
1688 1087 1755 1142 Chri·

122 1195 201 1248 ugus
216 1183 246 1232 et
259 1184 349 1240 astas,
362 1177 522 1231 Dominum.
539 1177 708 1241 benedicite,
719 1192 797 1231 rores
808 1177 922 1248 ctprui·
962 1175 1094 1230 stianum.
1110 1178 1175 1231 llaec
1189 1193 1263 1247 ergo-
1274 1183 1351 1230 tana
1374 1193 1485 1248 semper
1503 1176 1605 1231 laudat
1627 1177 1755 1230 Deumet

124 1287 141 1320 a
154 1283 200 1331 na,
210 1267 373 1321 Dominum.
391 1285 401 1315 a
419 1267 474 1320 Per
487 1266 642 1320 contrarias
656 1266 730 1320 enim
746 1265 859 1320 sibimet
877 1283 922 1320 res
963 1265 1155 1335 superexaltat
1169 1281 1233 1320 eum
1248 1265 1277 1318 in
1291 1265 1401 1329 meula,
1418 1265 1547 1334 quianon
1558 1264 1653 1319 solum
1663 1263 1754 1334 inpre

123 1355 239 1410 laudem·
251 1355 363 1409 Domini
379 1354 439 1408 lieri
453 1355 584 1409 hortatur
599 1359 627 1407 et
640 1356 675 1408 ad
701 1354 921 1409 benedicendum
963 1354 1036 1408 senti
1051 1355 1161 1420 seculo,
1176 1355 1225 1408 sed
1235 1355 1321 1408 etiam
1338 1354 1366 1408 in
1382 1353 1476 1408 futuro
1490 1370 1555 1408 eum
1576 1368 1692 1425 semper
1704 1352 1753 1406 lau·

124 1451 262 1516 provocat.
273 1445 346 1499 Nam
362 1443 422 1497 dies
433 1449 462 1497 ct
476 1444 522 1496 lux
537 1450 565 1497 et
579 1448 660 1497 restas
676 1450 704 1498 et
719 1460 796 1498 rores
811 1460 923 1515 prospe·
964 1443 1022 1509 dat,
1036 1449 1065 1496 et
1072 1459 1157 1514 super
1166 1445 1261 1497 omnia
1270 1443 1463 1497 dominantum
1475 1443 1619 1513 predicat

124 1534 252 1599 ritatem,
269 1540 298 1587 at
307 1538 421 1586 econtra
432 1549 485 1587 rrox
500 1536 528 1585 et
542 1531 664 1586 tenebrae
674 1532 761 1603 frigus
781 1540 810 1587 et
822 1533 924 1603 pruina
1001 1531 1200 1597 «Benedicite,
1218 1539 1329 1586 montes
1339 1539 1369 1586 et
1386 1531 1480 1593 colles,
1497 1532 1663 1586 Dominum.
1679 1530 1752 1585 liena

123 1621 335 1676 tribulationem
351 1623 520 1691 significant.
531 1622 772 1675 Nousclumenim
784 1623 923 1676 elementa
966 1619 1088 1684 adicite,
1105 1620 1237 1675 universo
1248 1620 1440 1690 germinantia
1454 1620 1483 1673 in
1500 1626 1587 1686 terra,
1604 1619 1750 1674 Dominum.

123 1711 219 1764 mundi
235 1716 263 1763 et
271 1717 399 1781 tempora
409 1711 443 1764 ad
456 1710 627 1764 laudandum
634 1711 723 1765 Deum
731 1710 837 1765 habilia
845 1718 920 1777 sunt,
933 1695 979 1758 B«
998 1710 1123 1763 Laudato
1134 1716 1164 1764 et
1177 1710 1382 1780 superexaltate
1397 1704 1461 1764 eum
1484 1710 1514 1763 in
1534 1709 1648 1764 seacula.
1667 1728 1681 1760 s
1696 1709 1751 1763 ilina

124 1799 174 1855 sed
186 1797 272 1852 etiam
287 1799 338 1870 ipsi
354 1800 491 1860 homines,
514 1800 561 1870 qui
584 1800 636 1854 sub
657 1800 804 1854 elementis
826 1801 923 1854 mundi
966 1797 1051 1851 otiam
1066 1799 1223 1860 Psalnnsra,
1237 1798 1284 1853 ubi
1297 1798 1751 1853 omnescreatumsadlaudandun

124 1886 267 1941 constituti
296 1888 490 1959 temporaliter
522 1888 617 1942 vivunt
642 1889 677 1942 ad
702 1888 924 1944 benedicendum
965 1887 1117 1941 Dominum
1131 1896 1270 1958 provocat,
1288 1888 1364 1942 inter
1377 1894 1478 1942 caetera
1491 1888 1533 1941 ait
1554 1904 1592 1938 :r
1618 1887 1753 1941 Mentesa

124 1977 223 2040 Deum,
233 1975 372 2031 debitores
383 1977 463 2042 fiunt,
472 1977 538 2047 quia
546 1983 657 2033 creator
665 1979 802 2039 omnium,
810 1979 924 2033 sictem·
965 1990 1064 2029 ontnes
1077 1976 1169 2042 colles,
1187 1976 1265 2047 ligna
1277 1976 1421 2031 fructifera
1434 1983 1463 2031 et
1476 1993 1577 2032 omnes
1589 1976 1667 2031 cedri
1682 1978 1751 2041 (Paul.

124 2066 305 2136 peratalectis
314 2066 537 2137 suispreesentia
546 2067 635 2138 utipsi
641 2068 843 2138 perpetualiter
852 2084 924 2138 prae·
965 2070 1104 2121 cxcrrnl.»
1118 2065 1169 2118 llic
1180 2066 1576 2136 montessignilicathomines
1591 2082 1651 2136 prae
1660 2062 1758 2118 tumida

125 2153 205 2208 conia
218 2171 274 2208 nun
284 2160 397 2209 taceant
414 2155 517 2220 divina,
532 2156 607 2210 unde
627 2157 731 2211 Paulus
746 2157 786 2210 ait
806 2158 848 2226 (ll
860 2157 921 2211 Gor.
965 2159 1105 2223 potestate
1119 2153 1262 2219 sublimae,
1279 2155 1363 2209 colles
1377 2155 1531 2209 rtrediocres
1544 2154 1762 2225 aequalitates*

124 2247 171 2310 ω)
189 2261 194 2294 :
214 2243 374 2298 «Libenter
391 2244 479 2314 igitur
500 2245 642 2315 gloriabor
664 2245 693 2298 in
714 2245 924 2301 infirmitatibus
965 2247 1082 2307 statutae,
1100 2242 1178 2312 ligna
1191 2242 1343 2309 ductilem,
1360 2244 1407 2315 qui
1423 2261 1456 2298 ex
1470 2243 1577 2298 duritia
1590 2250 1768 2315 pececatorum

125 2331 204 2397 meis,
219 2337 253 2384 ut
266 2332 404 2387 inhabitet
416 2333 446 2386 in
461 2350 506 2386 me
516 2334 605 2387 virtus
619 2335 733 2389 Christi.
752 2356 765 2386 »
784 2335 818 2389 Et
832 2335 922 2389 item:
965 2331 1100 2397 conversi,
1112 2331 1219 2386 huntus
1232 2332 1370 2387 bonorum
1384 2349 1501 2404 operum
1512 2327 1774 2387 intuleredulcissi·

122 2420 165 2492 (II
179 2421 239 2475 Cor.
257 2426 291 2489 ivl
305 2438 312 2477 :
328 2441 338 2471 r
356 2421 397 2480 ld.
414 2422 515 2494 inquit,
526 2423 599 2493 quod
609 2423 637 2477 in
648 2424 779 2493 prasenti
798 2430 841 2478 est
863 2440 923 2478 mo·
965 2436 1034 2474 mos.
1047 2420 1130 2475 Cedri
1146 2436 1257 2491 quoque
1272 2421 1399 2477 absolute
1412 2422 1547 2494 superbos
1561 2422 1736 2493 significant,
1746 2416 1783 2469 ό

124 2516 305 2564 mentaneum
320 2517 349 2564 et
360 2511 419 2563 lese
428 2511 620 2565 tribulationis
634 2517 747 2575 nostra,
768 2529 854 2584 supra
867 2530 925 2567 mc-
967 2510 1064 2567 elatos,
1080 2510 1129 2563 sed
1148 2509 1214 2580 quia
1227 2511 1352 2575 mandat,
1370 2511 1444 2581 quod
1460 2512 1598 2565 universa·
1611 2516 1696 2565 terrm
1708 2514 1789 2581 gel*

127 2598 194 2652 dum
204 2599 232 2652 in
243 2598 444 2653 sublimitatem
452 2607 588 2655 aternum
598 2601 694 2671 gloriae
710 2602 818 2671 pondus
830 2587 926 2673 opera-
968 2598 1106 2651 minantia
1119 2599 1271 2653 Dominum
1285 2600 1408 2659 laudent,
1422 2600 1546 2653 ostendit
1555 2586 1797 2670 quod'exomni·

126 2686 731 2760 turinnobis,noricontomplantibusnobis
752 2707 813 2761 quae
829 2691 924 2745 viden·
966 2686 1019 2740 bus
1042 2687 1147 2740 Christi
1167 2688 1261 2758 gratia
1285 2688 1338 2742 sibi
1363 2689 1465 2743 electos
1484 2695 1576 2760 parat,
1595 2689 1646 2760 qui
1671 2689 1701 2743 in
1724 2678 1803 2742 ill·

124 2780 181 2839 tur,
198 2781 277 2828 oete.
965 2775 1069 2830 ultima
1088 2777 1292 2831 resurrectione
1316 2779 1486 2848 Angelorum
1516 2779 1631 2848 possint
1652 2774 1806 2832 emund

163 2881 176 2916 a
193 2864 362 2926 benedicite,
378 2866 443 2936 gelu
459 2872 489 2922 et
500 2866 599 2938 frigus,
621 2868 781 2923 Dominum.
805 2867 924 2925 Benedi-
966 2865 1123 2945 aggregari,
1134 2872 1164 2919 et
1176 2865 1205 2920 in
1220 2865 1350 2920 laudibus
1360 2867 1518 2921 Conditoris
1528 2866 1574 2920 sui
1588 2867 1618 2920 in
1630 2864 1806 2922 aternaffl

127 2951 191 3016 cita,
203 2952 306 3022 glacies
316 2955 436 3018 etnicos,
445 2956 606 3009 Dominum.
618 2975 631 3008 r
644 2958 675 3010 In
685 2958 750 3026 gelu
770 2964 799 3011 ct
810 2958 922 3028 frigore,
966 2954 1108 3008 associm

124 3041 213 3111 glacie
236 3047 267 3095 et
287 3042 350 3096 nive
371 3045 515 3113 praesentis
534 3045 668 3114 temporis
689 3046 850 3111 adversitas,
881 3012 957 3102 uelG
1004 3043 1202 3109 chnedicite,
1218 3044 1318 3105 fontes.
1342 3045 1502 3098 Dominum.
1527 3064 1540 3096 u
1563 3045 1640 3099 Fons
1660 3046 1806 3125 quoqu).

125 3129 232 3183 duritia
249 3131 351 3184 mentis
367 3132 495 3186 humanae
510 3133 692 3202 significatur,
711 3135 760 3188 scd
776 3152 849 3206 saepe
866 3137 926 3190 haec
965 3131 995 3185 in
1009 3131 1162 3201 scripturis
1176 3137 1227 3185 aut
1240 3132 1390 3186 Dominum
1406 3133 1548 3188 Chrisurm
1555 3135 1679 3206 mystioe
1689 3132 1806 3205 sigrtll

124 3218 261 3272 Dominus
275 3220 304 3272 in
319 3220 430 3274 laudem
445 3237 524 3275 suam
544 3223 689 3283 convertit,
706 3224 774 3277 dum
796 3225 925 3279 homines
966 3221 1039 3285 licat,
1051 3224 1101 3273 aut
1113 3220 1235 3289 gratiam
1250 3221 1372 3291 Spiritus
1386 3220 1806 3293 sancti,autbaptismilarffl

124 3306 299 3362 infidelitatis
319 3310 414 3380 algore
439 3316 581 3380 torpentes
605 3328 655 3382 per
674 3313 738 3367 tldei
761 3314 881 3368 calorem
896 3321 925 3369 et
965 3324 1053 3373 erum,
1069 3314 1120 3362 aul
1132 3309 1268 3380 Originem
1283 3311 1428 3365 virtulum·
1443 3312 1513 3366 Nam
1525 3311 1676 3367 Christum
1688 3294 1806 3384 εἰμί

125 3394 262 3473 bonorum
273 3414 389 3469 operum
399 3399 523 3453 studium
534 3400 568 3453 ad
579 3401 724 3456 servitium
743 3402 846 3457 Christi
857 3421 923 3458 con·
967 3396 1806 3470 ficalslssetlsqwdssessffllleglfflbs0¹1l³mefflelssmffl

125 3491 282 3552 vertuntur,
290 3488 364 3541 unde
373 3488 558 3558 scriptumest
567 3488 595 3542 in
606 3490 754 3545 Salomone
767 3511 772 3545 :
786 3513 799 3543 u
808 3493 885 3547 Sicut
895 3493 924 3547 in
965 3485 1012 3538 dio
1031 3487 1164 3556 paradisi.
1189 3487 1270 3541 Unde
1285 3494 1407 3558 quatuor
1424 3489 1543 3543 ilumina
1565 3488 1806 3560 procedebat),

123 3589 222 3628 sereno
232 3575 346 3645 glacies,
357 3576 396 3629 ito
409 3577 675 3648 solventurpeccata
684 3582 833 3648 tuaOEccli.
844 3585 893 3649 nr).
909 3601 920 3631 ι
964 3575 1017 3628 hoc
1030 3581 1082 3641 cst,
1100 3581 1221 3646 quatuor
1229 3577 1380 3647 Evangelia
1388 3578 1422 3631 de
1437 3579 1512 3632 sonte
1527 3579 1666 3633 salutaris
1677 3583 1806 3651 proca

124 3663 158 3716 Et
171 3662 198 3716 in
216 3665 340 3734 psalmo:
358 3684 370 3715 <r
385 3666 471 3734 Ignis,
488 3667 588 3738 inquit.
599 3668 717 3738 grando,
734 3670 790 3735 nix,
808 3671 921 3739 glacies,
964 3667 1060 3721 dantia
1075 3669 1110 3721 ad
1125 3668 1318 3739 irrigationem
1339 3671 1451 3740 generis
1473 3672 1602 3725 humani.
1620 3672 1695 3727 llam
1711 3673 1806 3728 forr*

123 3751 238 3821 spiritus
247 3754 432 3824 procellarum
444 3755 491 3826 qui
508 3755 614 3809 faciunt
631 3757 745 3812 verbum
763 3759 824 3827 ejus
838 3761 920 3825 (l’sul.
965 3755 1086 3825 Spiritus
1097 3756 1184 3810 sancti
1194 3758 1315 3827 gratiam
1332 3759 1564 3830 designatius,
1583 3761 1660 3832 quod
1678 3752 1806 3818 deffi

125 3850 241 3907 cxcviii),
271 3842 372 3912 quibus
401 3843 484 3897 rebus
508 3862 559 3915 per
596 3845 761 3916 allegoriam
795 3847 923 3902 homines
964 3860 1017 3898 nus
1032 3845 1100 3898 dicit
1110 3846 1138 3900 in
1150 3847 1322 3916 Evangelio:
1343 3848 1424 3927 ¹Q¹¹l
1440 3848 1541 3903 biberit
1555 3867 1665 3920 aquam
1686 3858 1806 3924 quart

125 3927 274 3998 significat,
292 3931 340 3999 qui
355 3931 384 3984 in
398 3931 450 3984 hoc
465 3933 566 3986 saeculo
575 3950 608 3987 ex
617 3934 789 3989 turbulentis
799 3940 828 3990 et
839 3938 924 4013 pessi·
964 3949 1016 4003 ego
1031 3933 1075 3995 do,
1086 3936 1136 3988 liet
1150 3935 1180 3989 in
1195 3952 1227 3988 eo
1243 3936 1305 3990 fons
1318 3953 1397 4008 aquae
1415 3938 1481 3993 visa
1495 3938 1625 3993 salientis
1639 3940 1671 3994 in
1685 3941 1806 3996 rimi·

126 4017 179 4071 mis
193 4018 230 4070 ad
250 4018 405 4072 devotionis
424 4021 657 4091 tranquillissima
676 4024 770 4077 studia
793 4042 925 4094 pervene-
964 4028 1098 4076 menam
1116 4025 1205 4084 (Joarc.
1225 4028 1272 4091 rr)
1292 4026 1456 4097 »Baptismi
1471 4043 1539 4081 vero
1556 4036 1806 4084 sacramentor

125 4112 200 4187 runt
217 4106 363 4169 Quomodo
376 4106 422 4160 isti
438 4108 544 4163 lacrum
557 4111 672 4165 verbum
693 4113 763 4182 ejus,
783 4113 837 4168 nisi
857 4115 925 4184 quia
964 4111 1087 4165 ostendit
1100 4112 1169 4166 illud
1184 4113 1333 4178 Zacharia,
1350 4132 1406 4186 quo
1420 4115 1482 4169 ait:
1502 4117 1559 4171 «ln
1574 4117 1623 4171 die
1642 4119 1694 4172 illa
1717 4119 1806 4173 eri
1779 4154 1806 4167 κ

125 4209 159 4248 a}
171 4194 370 4264 tempestuosis
384 4201 412 4248 et
428 4197 563 4267 improbis
579 4200 615 4253 ad
630 4201 842 4255 confessionis'
836 4203 925 4272 ipsius
963 4196 1331 4270 fonspatensdomuiDavid
1345 4209 1374 4257 et
1383 4203 1576 4259 habitantibus
1587 4206 1806 4263 hierusalen

123 4283 245 4352 gratiam
255 4283 349 4337 venire
360 4301 420 4338 mer
422 4287 546 4340 uerunt?
930 4287 993 4387 I'in
1003 4287 1177 4343 ablutionem
1191 4291 1345 4360 peccatoris
1353 4300 1382 4346 et
1391 4299 1572 4347 menstruatae
1590 4295 1689 4356 (Zaeh.
1708 4298 1806 4365 ιαμ

161 4371 357 4438 «Beneficiis,
373 4371 484 4443 fulgura
498 4375 637 4443 etnubes,
651 4377 834 4432 Dominum.»
848 4378 921 4442 Quid
962 4393 1028 4430 num
1040 4377 1194 4432 hicfonsdc
1205 4378 1289 4432 domo
1306 4378 1512 4450 Deiegrediens
1522 4382 1661 4439 ferturad
1677 4385 1806 4440 aare*

125 4474 193 4529 argu
201 4475 252 4530 per
261 4460 359 4526 nubas,
370 4462 424 4515 nisi
435 4463 576 4534 Evangelii
587 4465 794 4535 predicatores,
811 4473 840 4521 et
854 4467 922 4538 quid
963 4466 1043 4530 siam,
1062 4467 1132 4521 atad
1144 4466 1291 4521 scientiam
1303 4469 1557 4540 Scripturmum,ut
1566 4482 1806 4528 smnesrenas···a

124 4564 175 4617 per
187 4548 308 4617 tulgura,
323 4549 378 4603 nisi
395 4553 602 4608 coruscationes
618 4555 818 4610 miraculorum
842 4555 922 4611 nobis
963 4555 1094 4609 camurin
1104 4556 1216 4610 Christo
1226 4562 1255 4610 et
1265 4574 1321 4611 tion
1331 4575 1406 4629 aqua
1413 4559 1591 4631 baptismatis
1601 4568 1700 4616 nemra
1715 4579 1806 4619 πον

123 4634 370 4691 demonstrantur?
384 4640 418 4692 de
432 4640 534 4712 quibus
549 4658 600 4711 per
610 4643 789 4698 psalmistam
802 4644 919 4699 dieitur:
962 4642 1005 4697 bis
1014 4652 1128 4714 praecata
1137 4645 1286 4699 donentur.
1306 4646 1361 4700 Sed
1377 4648 1421 4702 hic
1435 4648 1527 4704 sontes
1541 4660 1695 4721 possum
1708 4656 1806 4705 tas‘

125 4741 138 4773 u
152 4722 283 4793 Fulgura
296 4725 494 4796 multiplicabis
519 4736 547 4783 et
568 4732 747 4786 conturbabis
766 4749 814 4787 eos
836 4735 919 4800 (Paul.
962 4731 1081 4786 tinionia
1095 4749 1237 4788 sacrarum
1253 4734 1462 4806 Scripturarum
1476 4755 1528 4810 per
1541 4754 1593 4793 ora
1603 4740 1806 4811 praetuer-

122 4816 230 4881 Νὴ.»
257 4813 311 4867 Per
330 4814 381 4868 has
398 4833 464 4887 ergo
487 4818 574 4872 nubes
598 4820 702 4874 lumine
724 4838 775 4876 suo
801 4821 922 4894 desuper
962 4822 1704 4901 rumprolataintelligere.Undeinpsahnoseriptum
1712 4833 1800 4883 ests

122 4901 259 4957 Dumium
278 4902 411 4973 fulgurat,
429 4906 505 4976 quia·
519 4923 569 4977 per
592 4909 788 4979 praedicatores
811 4917 920 4965 sanctos
964 4911 1436 4984 rApparueruntfontesaquarum
1449 4919 1532 4983 (Psal.
1543 4916 1620 4987 xviri,
1639 4938 1656 4971 a
1669 4918 1697 4972 id
1711 4924 1760 4982 est,
1780 4946 1806 4973 a

122 4989 346 5047 insensibilitatis
354 4996 594 5050 nostratenebras
604 4998 689 5051 etiam
701 4999 844 5055 miraculis
854 5001 920 5055 illu·
961 4999 1065 5054 veritas
1079 5001 1302 5072 praedicantium,
1321 5004 1368 5075 qui
1382 5005 1473 5059 fontes
1488 5012 1601 5061 eume
1616 5007 1685 5062 rita·
1699 5020 1762 5062 san·
1782 5018 1806 5037 ⁶

121 5084 201 5135 strat.
223 5082 351 5152 Cumque
371 5083 460 5137 nubes
481 5084 542 5138 ister
564 5085 653 5142 serbis
674 5089 785 5158 pluunt,
801 5106 920 5160 cumque
961 5089 1270 5149 ctitatisorsfuderunt.
1283 5091 1432 5162 ipsocnim
1441 5094 1762 5167 Dominovenientepa·
1803 5115 1806 5122 ¹

122 5170 674 5246 miraculisrimeorusciulucisuperiunt,
687 5183 825 5231 extremos
835 5178 921 5232 etiam
960 5179 1024 5242 tuit,
1044 5178 1118 5248 quod
1132 5178 1287 5233 obscuritas
1302 5181 1388 5236 divini
1400 5183 1512 5254 tegebat
1526 5184 1644 5254 eloquii.

121 5259 217 5313 mundi
229 5261 400 5316 terminesin
408 5263 533 5319 ditinum
544 5281 669 5320 amorem
679 5273 854 5320 convertunt
999 5283 1012 5317 c
1024 5266 1192 5331 benedicite,
1196 5267 1623 5336 mariaettluminadlominam.
1630 5273 1762 5337 »Quando

157 5347 596 5419 «Benedicatterrallominum,
609 5354 731 5409 laudaut
719 5356 920 5424 tsuperexalta
961 5353 1030 5408 dicit
1044 5354 1144 5419 maria,
1160 5355 1331 5424 generaliter
1346 5373 1444 5414 omnes
1459 5374 1603 5430 supparum
1621 5361 1762 5415 collectio-

121 5433 343 5491 eumiu-smcula.
359 5457 371 5488 i
392 5440 444 5494 llic
457 5457 524 5511 ergo
540 5447 617 5495 terna
626 5448 753 5496 sanctam
768 5442 919 5496 Ecclesiam
961 5422 1281 5509 nes,sivesalsaeaint
1259 5446 1424 5502 srvedulces
1442 5448 1533 5503 sunul
1548 5450 1764 5522 dampnamus

121 5521 270 5592 amaa
286 5525 390 5596 deque
403 5528 695 5600 iaPealmoscripmm
707 5537 768 5586 est
777 5548 794 5583 s
806 5530 920 5586 Domim
958 5532 1039 5601 jue
1051 5532 1130 5599 illud,
1147 5534 1222 5604 quod
1236 5533 1376 5606 scriptum
1393 5542 1469 5595 asts
1483 5559 1504 5589 ν
1522 5539 1765 5612 θοιμςηίοια
