3786 6128
206 128 258 187 ele
495 121 527 176 B.
547 118 683 176 nsum
700 118 817 176 utun!
841 118 1010 176 sumnus.
1029 119 1192 177 nouum.
1213 117 1362 177 orendil
1380 118 1473 176 PARS
1490 119 1541 177 111.
1788 125 1841 182 520

206 250 384 323 dedignatur,
400 263 419 302 a
432 246 530 318 planta
550 248 647 298 autem
666 243 745 315 pedis
762 260 851 316 usque
867 243 1097 303 uerticemAsios
1111 243 1255 315 scripsisse
1264 242 1390 311 ridetur3
1408 243 1453 298 cui
1471 244 1559 300 statui
1573 244 1644 302 nibil
1659 245 1729 304 boni
1740 247 1841 304 deesse

205 341 323 394 vulnera
336 334 461 407 suscipit,
474 333 677 405 quiasanctam
694 333 856 398 Ecclesiam,
872 350 934 404 quae
943 349 1002 387 cor·
1041 331 1190 388 ridebitur.
1207 333 1243 388 Et
1256 332 1389 404 quoniam
1409 333 1504 388 omnia
1522 333 1577 388 ista
1597 334 1633 389 ed
1651 334 1722 392 illud
1743 338 1841 393 retulit

205 446 258 500 pus
269 428 329 498 ejus
339 432 391 488 est,
410 440 466 478 non
481 422 573 477 solum
587 439 638 493 per
651 427 777 477 extrema
789 430 818 477 et
831 421 940 488 ultima,
952 422 1001 476 sed
1043 422 1117 493 quod
1132 422 1249 489 dixerat,
1265 438 1340 476 nune
1354 422 1459 490 caudeo
1468 424 1499 476 in
1507 424 1682 491 passionibus
1692 442 1746 495 pro
1756 428 1839 493 colb,

206 532 294 587 usque
309 514 344 568 ad
359 511 1002 582 summamembrapersecutionesaeriensten-
1043 511 1164 566 resumit
1176 511 1279 566 iterum
1289 510 1358 565 illud
1370 512 1421 584 :Jn
1431 528 1486 582 quo
1501 516 1525 566 el
1541 513 1633 567 laboro
1650 515 1782 570 certando
1797 531 1841 570 se-

206 610 282 658 tator
295 602 405 672 affligit.
422 599 501 656 Unde
511 599 596 654 etiam
606 600 711 655 Paulus
722 599 805 655 dicit:
818 600 957 669 domplcbo
970 615 1001 653 ea
1042 602 1166 654 cundum
1173 603 1358 669 operationem
1367 603 1426 669 ejus
1433 615 1518 670 quam
1524 607 1653 670 operatur
1659 604 1778 658 inmein
1785 607 1843 659 oir-

192 674 264 762 'qua
278 694 376 746 desuem
385 692 550 760 passionum
559 690 664 744 Christi
668 693 700 743 in
711 705 795 743 carru
802 704 872 743 mea.
881 690 935 744 Pro
944 703 1002 742 cor·
1043 692 1108 743 tute.
1124 689 1179 743 Pro
1192 688 1246 754 his,
1268 688 1369 760 inquit,
1387 693 1414 743 et
1429 687 1557 743 laborare
1570 690 1653 761 cupio
1680 690 1842 748 omnimodo

202 784 345 852 perseius
366 781 438 848 quod
465 784 502 832 ost
521 779 651 843 Ecclesia,
676 781 756 845 cujus
776 778 867 845 sactus
880 793 943 831 surr
956 793 1001 846 epo
1042 775 1313 848 decertanspropter
1325 775 1461 832 tributam
1476 777 1545 831 mihi
1559 778 1842 838 adhocrirtutemdc

204 872 309 925 Paulus
323 871 460 923 minister.
476 866 595 937 (Ambr.)
608 867 707 937 ltaque
718 865 878 920 etdelector
893 865 1003 937 patiens
1043 864 1112 919 coelo
1125 865 1249 920 inveniet
1266 871 1361 921 autem
1377 866 1439 937 quis
1457 872 1486 921 et
1508 866 1561 921 hoc
1574 883 1626 938 per
1639 868 1737 923 omnia
1750 869 1842 927 simile

206 975 256 1030 pro
269 955 491 1028 vobisquoniam
507 954 679 1026 preveniens
694 955 729 1008 ad
744 953 1002 1009 conferendumro-
1043 969 1103 1008 esse
1131 955 1285 1009 secundum
1308 971 1421 1009 sensum
1443 955 1519 1009 iliius
1543 956 1673 1027 Epistola
1696 974 1783 1030 quam
1805 959 1841 1014 ed

206 1048 250 1103 bis
264 1046 431 1102 beneficium
447 1061 547 1116 passus
562 1049 605 1098 est
619 1043 757 1110 Christus,
766 1049 905 1115 utcorpus
919 1060 1001 1098 suum
1043 1043 1176 1114 Ephesios
1186 1043 1445 1115 scripsissesidetur
1454 1044 1502 1098 ubi
1510 1044 1598 1100 dixit:
1615 1048 1706 1116 llrejus
1721 1049 1764 1102 rei
1777 1063 1842 1116 oro-

204 1136 283 1191 robis
293 1152 343 1206 per
355 1133 590 1189 resurrectionem
601 1131 928 1203 essepronuntiaratilla,
939 1148 1002 1204 quae
1043 1134 1083 1185 tia
1099 1149 1145 1200 epo
1157 1134 1261 1201 Paulus
1275 1135 1383 1187 cinctus
1397 1133 1501 1188 Christi
1512 1136 1586 1200 lesu,
1602 1140 1655 1189 etc.
1675 1135 1782 1206 (Epiros.
1799 1140 1839 1207 u.)

131 1284 137 1294 ,
205 1227 323 1280 deerant
334 1223 549 1278 tribulationum
564 1222 625 1292 ejus
644 1220 679 1275 ob
695 1221 760 1287 illis,
778 1237 839 1292 quae
860 1238 910 1292 pro
924 1222 1002 1276 robis
1043 1220 1218 1291 thuoniam
1228 1221 1499 1276 ostenditcridenter
1507 1222 1560 1277 sibi
1570 1229 1731 1295 competere
1740 1226 1841 1296 probis

205 1319 289 1369 erunt
298 1312 438 1384 adimpleo
448 1327 509 1381 ego,
527 1311 621 1379 (Rea.)
637 1309 710 1375 Quid
725 1309 779 1364 erit
794 1310 868 1382 quod
882 1310 1002 1365 deerant
1041 1308 1206 1376 doctrinam,
1224 1309 1363 1381 siquidem
1374 1310 1507 1365 Gentium
1516 1311 1704 1368 ministerium
1713 1314 1843 1369 commis·

205 1408 238 1457 ut
250 1402 398 1465 discentes,
414 1416 475 1472 quar
490 1405 557 1453 sunt
579 1399 636 1464 illa,
654 1415 715 1469 quae
739 1398 847 1453 directa
866 1405 934 1453 sunt
951 1416 1000 1469 pro
1041 1414 1103 1452 sum
1116 1396 1219 1453 habere
1234 1398 1353 1467 videtur,
1375 1405 1404 1453 et
1423 1400 1453 1454 in
1471 1399 1524 1454 hoc
1543 1417 1561 1454 a
1578 1401 1636 1455 Deo
1657 1408 1770 1458 creans
1788 1408 1841 1469 est,

204 1491 281 1546 robis
296 1488 455 1560 suscipiatis
468 1488 502 1542 de
518 1487 573 1541 illis
587 1487 823 1559 promissionem?
836 1488 889 1542 hoc
904 1494 1001 1542 autem
1041 1487 1210 1542 satisfacere.
1228 1488 1365 1559 Properat
1378 1489 1428 1556 eis,
1445 1488 1577 1561 quoniam
1592 1490 1844 1547 nondumrenerat

204 1580 265 1635 sine
278 1579 373 1633 labore
386 1584 413 1632 ct
426 1574 654 1631 tribulationibus
677 1576 737 1630 sieri
757 1592 935 1648 nequaquam
949 1594 1000 1647 po·
1011 1563 1077 1630 Bao
1092 1592 1150 1631 eos,

205 1674 261 1723 test
278 1684 346 1739 :pro
362 1667 405 1720 his
428 1682 494 1737 ergo
510 1665 602 1737 patior
621 1664 788 1720 circumiens
803 1671 832 1720 et
845 1665 1000 1736 praedicans
1355 1666 1472 1722 CAPUT
1487 1666 1523 1722 11.

205 1756 335 1812 omnibus
350 1756 398 1809 illa
413 1760 550 1825 quaesunt
562 1759 695 1820 correcta,
708 1754 748 1808 ita
758 1760 841 1809 utros
855 1755 1001 1809 credentes
1041 1756 1119 1809 docel
1132 1772 1283 1824 precavere
1296 1757 1461 1825 deceptiones
1472 1771 1523 1825 per
1536 1757 1639 1823 salsam
1655 1758 1842 1826 prophetiam,

204 1845 304 1900 affectu
318 1845 405 1899 animi
416 1844 654 1915 propinquitatem
667 1842 744 1898 {pam
754 1859 816 1915 quae
831 1843 867 1898 ad
883 1861 948 1899 eum
958 1849 1001 1898 est
1056 1828 1826 1896 porlepisauctoritatem,persanctitatissimulationem.

204 1933 356 2004 accipiatis,
374 1934 474 1987 horum
484 1933 559 1986 enirn
570 1949 622 2003 ago
633 1931 726 1986 exstiti
733 1932 872 1986 minister.
881 1933 916 1987 Et
926 1938 1000 1988 utne
1083 1934 1142 1988 Volo
1152 1936 1227 1988 enim
1237 1950 1282 1988 uos
1291 1937 1361 1989 scire
1371 1937 1481 2003 qualem
1496 1935 1716 1989 sollicitudinem
1730 1936 1856 1991 trabeam

204 2021 331 2077 rideatur
344 2023 402 2077 alta
415 2021 527 2093 sapiens
539 2020 590 2075 sibi
605 2020 659 2092 ipsi
676 2020 826 2076 ministerii
842 2019 1000 2077 adscribere
1039 2036 1092 2090 pro
1109 2022 1183 2076 uobis
1197 2027 1222 2076 et
1234 2038 1286 2091 pro
1300 2025 1339 2076 eis
1352 2025 1403 2092 qni
1415 2027 1482 2076 sunt
1496 2023 1627 2077 Laodicia
1641 2028 1666 2077 el
1676 2024 1857 2094 quicumque

203 2111 395 2173 directionem,
418 2111 570 2165 sesualdum
591 2111 806 2178 dispositionem,
825 2109 925 2180 inquit,
942 2126 1001 2178 qua
1043 2125 1099 2164 non
1113 2111 1244 2165 ciderunt
1257 2112 1356 2179 faciem
1376 2127 1465 2165 meam
1480 2113 1512 2165 in
1533 2118 1626 2166 carme.
1648 2110 1771 2182 (Ambr.)
1792 2114 1857 2169 Nec

203 2202 269 2255 dala
280 2205 318 2254 est
330 2201 402 2255 milri
416 2201 449 2253 in
463 2200 536 2253 cobis
545 2200 697 2267 adimplere
706 2200 820 2252 uerbum
833 2200 891 2260 Dei,
904 2201 1001 2266 myste·
1043 2197 1119 2251 enim
1132 2197 1201 2253 illud
1216 2197 1287 2265 volo,
1304 2199 1405 2269 inquit,
1422 2214 1470 2252 vos
1485 2197 1624 2269 ignorare,
1641 2200 1781 2270 quoniam
1796 2202 1855 2257 etsi

203 2292 281 2343 rium
292 2289 365 2358 quod
373 2288 564 2342 absconditum
574 2288 656 2355 suita
666 2289 801 2341 saculuet
810 2288 1000 2354 perorationi·
1041 2302 1097 2340 non
1111 2285 1166 2340 vidi
1182 2303 1240 2352 ros,
1256 2286 1305 2341 sed
1319 2287 1400 2341 valde
1415 2293 1444 2341 et
1453 2286 1574 2342 derobis
1581 2304 1701 2358 agonem
1708 2289 1849 2357 sustineo,

204 2380 251 2432 bias
267 2397 275 2432 :
288 2381 463 2432 nunoaulem
473 2376 656 2442 rrmrrisostum
665 2378 812 2430 estsanetis
825 2377 1000 2445 nunquidne
1041 2390 1092 2428 nee
1101 2374 1177 2428 enim
1188 2375 1281 2430 minus
1291 2375 1326 2430 de
1335 2375 1412 2431 robis
1422 2392 1484 2431 sum
1494 2376 1639 2443 sollicitus,
1651 2395 1739 2449 quam
1750 2378 1856 2435 danus

203 2468 289 2521 coluit
304 2467 374 2520 deus
388 2469 465 2519 notas
478 2466 568 2532 facere
582 2465 697 2517 diuitias
718 2466 814 2532 aleria
831 2467 1001 2519 sacramenti
1024 2533 1027 2543 1
1041 2463 1187 2534 quosridi.
1200 2463 1429 2529 Quidestautem
1440 2465 1652 2537 illudquoniam
1662 2483 1789 2538 agonem
1797 2484 1854 2540 pro

202 2554 286 2623 bidus
300 2554 333 2606 in
347 2554 483 2620 pentibus.
494 2550 614 2618 (Ambr.)
628 2551 694 2605 Haec
703 2550 815 2621 quidem
829 2551 915 2606 etiarn
932 2552 1000 2623 ipsis
1027 2550 1032 2560 ”
1041 2551 1095 2605 illis
1111 2552 1236 2623 pateris?
1251 2554 1283 2609 llt
1297 2558 1470 2609 consolentur
1480 2556 1562 2608 eorda
1573 2558 1700 2624 ipsorum
1712 2559 1853 2612 instructi

202 2639 380 2695 sermonibus
394 2641 424 2694 in
434 2639 483 2694 illa
490 2639 615 2710 Epistola
621 2656 705 2710 quam
712 2639 840 2710 Ephesiis
849 2640 1001 2711 scripserat
1041 2642 1071 2694 in
1085 2641 1220 2695 alteritate
1229 2646 1252 2695 cl
1263 2643 1511 2696 inomnesdioitias
1521 2644 1710 2712 plenitudinis
1724 2645 1851 2700 intellec-

202 2729 294 2800 posita
307 2746 368 2784 esse
377 2728 440 2800 quis
455 2728 587 2794 inveniet,
603 2744 636 2783 eo
646 2728 720 2800 quod
735 2733 764 2783 et
774 2728 852 2783 illam
865 2733 894 2783 et
915 2729 999 2784 istam
1040 2733 1092 2782 lus.
1103 2728 1139 2783 Ut
1147 2737 1175 2784 et
1184 2747 1232 2784 vos
1241 2730 1272 2785 in
1279 2729 1356 2785 illam
1364 2731 1610 2801 charitatemque
1620 2734 1688 2802 erga
1694 2731 1842 2789 Christum

205 2819 240 2872 ad
249 2818 312 2872 illos
326 2818 375 2889 qui
388 2834 419 2872 se
432 2833 488 2872 non
500 2816 630 2872 viderunt
639 2816 778 2871 scribebat
793 2835 799 2869 :
813 2817 876 2872 ideo
885 2823 914 2871 et
927 2819 998 2872 mul·
1040 2822 1091 2883 est,
1103 2818 1308 2887 convenientes,
1320 2819 1402 2874 firmo
1418 2819 1562 2875 intellectu
1572 2819 1685 2874 illorum
1702 2819 1842 2877 bonorum

201 2913 246 2962 tos
256 2922 355 2962 sensus
369 2912 397 2960 et
412 2906 441 2960 in
456 2907 505 2960 illa
519 2906 590 2961 etin
605 2906 661 2960 iste
670 2906 794 2977 Epistola
807 2906 938 2961 similiter
951 2921 1029 2982 pec
1039 2907 1717 2981 quseexspectantur,assequaminifrmtionemln
1723 2913 1842 2978 condio·

201 2996 291 3050 suissc
305 2996 424 3050 ridetur.
441 2996 515 3050 Dicit
526 3011 593 3065 ergo
608 2995 740 3066 quoniam
749 2995 939 3049 ministerium
945 2996 998 3050 hoc
1038 3010 1071 3048 ne
1079 2999 1207 3063 arostarii
1216 2998 1265 3050 liei
1271 3001 1364 3067 patris
1371 2996 1474 3052 Christi
1479 2999 1552 3061 lesu,
1559 3001 1591 3052 in
1604 3013 1658 3066 quo
1671 3003 1738 3052 sunl
1748 3014 1840 3054 omna

201 3084 382 3140 commissum
397 3090 440 3138 cst
456 3084 524 3138 mihi
539 3100 557 3137 a
569 3083 637 3150 Deo,
658 3083 699 3138 ita
715 3088 748 3137 ut
771 3099 868 3138 omnes
881 3084 996 3139 doceam
1039 3084 1161 3138 thesaure
1175 3087 1317 3154 sapientia
1339 3097 1363 3139 et
1383 3089 1503 3140 scientie
1517 3087 1677 3141 absconditi.
1700 3087 1736 3141 Et
1749 3092 1784 3142 ut
1797 3087 1838 3143 in·

201 3173 280 3238 illud,
297 3173 369 3245 quod
385 3174 452 3228 olim
462 3170 592 3228 omnibus
602 3178 664 3226 erat
678 3172 830 3237 incertum·
843 3188 917 3226 nunc
931 3189 997 3228 vero
1039 3171 1242 3227 enarrabilibus
1251 3172 1332 3228 bonis
1339 3174 1560 3240 communicetis,
1572 3174 1723 3246 quaeaDeo
1732 3176 1839 3231 donata

201 3261 304 3316 sancus
318 3263 380 3331 ejus
396 3261 540 3332 cognitum
552 3266 604 3328 est,
618 3261 693 3332 quod
707 3260 776 3315 illud
791 3261 857 3326 tale,
874 3262 947 3332 quod
963 3260 998 3316 ob
1039 3266 1106 3315 sunt
1120 3261 1210 3328 nobis,
1228 3278 1290 3332 quae
1299 3261 1385 3318 etiam
1396 3261 1531 3317 absconse
1545 3268 1612 3317 sunt
1625 3278 1701 3318 nunc
1715 3262 1746 3318 in
1760 3263 1840 3320 cun·

200 3348 997 3420 multamsuumbonitatemetgloriaelibcralitatemetiam
1038 3353 1092 3416 sto,
1107 3366 1171 3404 curn
1185 3366 1250 3422 quo,
1267 3367 1331 3405 cum
1347 3352 1510 3423 apparuerit
1524 3351 1554 3406 in
1572 3351 1666 3406 tuturo
1680 3352 1795 3419 seculo,
1810 3359 1840 3408 et

198 3443 228 3494 et
245 3438 382 3495 Gentibus
396 3438 527 3494 similiter
554 3455 652 3493 eorum
678 3437 797 3509 praebuit
822 3437 993 3494 fruitionem.
1037 3437 1086 3492 illa
1099 3455 1160 3510 quae
1174 3455 1302 3510 eugenos
1312 3446 1356 3494 cst
1366 3439 1521 3494 liberalitas
1531 3440 1561 3495 in
1571 3440 1639 3511 ipsis
1649 3439 1836 3496 tuncridebi·

198 3527 271 3582 Nam
285 3528 409 3600 antiquis
417 3527 591 3599 temporibus
601 3527 693 3582 omnis
700 3526 996 3598 pietasinludaeorum
1036 3531 1083 3581 tur
1097 3527 1242 3599 operibus;
1259 3528 1426 3600 mysterium
1450 3529 1554 3584 etenim
1575 3528 1649 3583 sicut
1669 3529 1838 3600 frequenter

197 3632 301 3688 genere
308 3616 519 3689 circumscripta
528 3615 693 3683 habebatur3
701 3615 840 3671 Gentibus
845 3632 909 3671 vero
917 3615 996 3671 nulla
1035 3614 1166 3687 diximus,
1182 3622 1263 3671 vocat
1276 3616 1353 3671 illam
1365 3617 1497 3688 modam,
1512 3633 1573 3689 quae
1584 3633 1652 3689 erga
1665 3617 1773 3672 Gentes
1784 3624 1837 3686 est,

198 3704 994 3776 adeoseratsocictas‚Evangeliumverocommunemom·
1035 3719 1069 3759 eo
1082 3704 1157 3775 quod
1167 3709 1196 3759 et
1208 3704 1305 3775 ignota
1317 3711 1399 3760 erant
1409 3705 1555 3777 primitus3
1571 3705 1763 3778 cognitionem
1772 3723 1841 3765 sere

198 3794 280 3849 nibus
289 3795 449 3850 futurorum
458 3794 588 3866 promisit
604 3793 795 3860 donationem,
808 3793 882 3864 quod
893 3800 922 3848 et
930 3811 994 3867 my·
1035 3792 1163 3864 mysterii
1172 3793 1415 3865 participationem
1425 3795 1487 3864 ejus
1498 3793 1582 3848 edicit
1594 3811 1665 3849 esse.
1676 3792 1841 3851 absconsos

197 3883 315 3937 sterium
328 3889 417 3950 vocat,
433 3899 467 3938 eo
491 3882 566 3953 quod
586 3882 653 3937 olim
678 3888 740 3936 erat
752 3882 902 3948 occultum,
920 3899 994 3938 nunc
1034 3897 1100 3936 vero
1113 3898 1211 3937 omnes
1226 3882 1375 3938 thesauros
1391 3883 1536 3955 sapientias
1551 3889 1580 3938 et
1592 3883 1715 3938 scientia
1730 3900 1796 3940 esse
1807 3884 1841 3940 iu

197 3976 293 4025 autem
303 3976 347 4024 est
360 3970 549 4025 manifestum.
567 3972 640 4025 Nam
653 3971 720 4041 quia
733 3969 806 4024 dixit
819 3973 923 4025 salietis
935 3975 994 4040 ejus
1034 3969 1145 4025 Christo
1161 3970 1255 4037 edicit,
1271 3976 1368 4044 utpote
1382 3988 1447 4026 cum
1458 3971 1549 4027 multa
1560 3971 1710 4044 prudentia
1722 3971 1841 4028 institu-

196 4059 296 4127 quibus
310 4061 397 4113 coluit
412 4061 491 4126 Deus,
516 4059 551 4113 de
570 4059 711 4129 Apostolis
731 4057 809 4124 dicit,
826 4064 855 4113 et
873 4058 929 4113 illis
944 4060 993 4130 qui
1034 4061 1078 4113 tos
1087 4075 1148 4113 esse
1162 4075 1213 4131 per
1227 4059 1371 4115 Christum
1386 4077 1437 4132 pro
1451 4065 1549 4115 nostre
1560 4059 1691 4127 utilitate,
1700 4060 1752 4132 qui
1761 4076 1842 4119 uuus

195 4151 354 4202 tuncerant
368 4147 518 4219 prepositi,
528 4147 563 4201 de
573 4146 675 4218 quibus
687 4152 716 4201 et
727 4146 855 4217 Ephesiis
867 4147 993 4203 scribens
1034 4147 1147 4218 quidem
1165 4154 1232 4203 sunt
1248 4148 1358 4216 incerti,
1375 4148 1545 4204 ridebuntur
1563 4155 1658 4205 autem
1676 4154 1748 4205 tunc
1768 4166 1838 4207 cum

196 4235 340 4291 evidenter
358 4236 460 4313 dixisse
475 4236 551 4291 visus
566 4242 618 4291 est.
644 4235 680 4291 Et
694 4236 826 4307 quoniam
841 4236 913 4291 dixit
931 4234 1196 4309 quaeDapparuerit
1224 4242 1253 4291 et
1278 4237 1347 4309 ipsc.
1372 4238 1495 4293 Noverat
1516 4239 1666 4310 Apostolus
1685 4237 1842 4295 thesaurus

196 4324 856 4398 suntdiritiaegloriaemysteriiadjicit:(luodesl
868 4326 994 4383 Christus
1033 4324 1112 4393 istos,
1134 4331 1273 4398 quantum
1293 4343 1391 4381 eorum
1415 4332 1610 4398 penetraverat
1629 4332 1658 4381 et
1682 4326 1712 4382 in
1733 4326 1777 4383 eis
1795 4327 1836 4383 ad

196 4417 228 4469 in
241 4417 314 4470 cobis
332 4431 390 4485 spes
409 4418 515 4484 oloris.
529 4407 592 4470 ¹Hoc
602 4420 655 4482 est,
668 4431 777 4485 magnae
790 4414 940 4481 divitiam
950 4421 994 4473 est
1034 4419 1139 4486 quanta
1149 4421 1314 4486 pervenerat
1324 4415 1387 4487 quis
1397 4421 1491 4487 potest
1504 4415 1604 4471 nessei
1615 4416 1709 4487 (duo.)
1718 4415 1838 4488 Egeta·

196 4503 334 4570 Christus,
346 4509 376 4558 ct
387 4509 419 4559 ut
429 4503 458 4558 in
477 4505 557 4559 illurn
570 4503 733 4559 credamus:
746 4502 792 4557 iric
809 4504 885 4558 enim
896 4505 992 4560 estiu-
1033 4519 1098 4559 men
1112 4504 1266 4559 seeundum
1285 4503 1314 4559 id
1333 4503 1407 4575 quod
1427 4503 1622 4575 scriptumest
1641 4504 1667 4572 (l
1680 4503 1742 4560 Gor.
1760 4507 1836 4574 xu):

196 4590 989 4664 tumgloriaespes,quietecusanobishonorumexstitit,
1034 4593 1285 4663 Unicuiqueaulem
1293 4592 1705 4661 reostrumdaturnunisestolio
1713 4593 1839 4663 spiritus

196 4678 304 4733 donans
314 4679 394 4734 nobis
404 4685 436 4735 ut
450 4681 498 4736 iila
508 4688 709 4754 exspectemus.
728 4682 812 4748 (luem
823 4699 992 4738 nosannun-
1032 4681 1839 4752 adutilitatem‚aliiquidemdaturperSpiritumsenctum

196 4768 309 4834 tiamne,
322 4772 499 4838 corripientes
506 4788 615 4826 omnem
621 4773 770 4835 hominem,
778 4775 802 4825 et
810 4771 930 4826 docentes
936 4788 992 4826 om·
1032 4786 1121 4824 semna
1131 4773 1281 4840 sapientia·
1292 4772 1346 4825 alil
1357 4785 1445 4824 sermo
1455 4770 1584 4835 somniis,
1596 4769 1750 4824 secundum
1756 4784 1840 4825 eune

196 4871 259 4910 nem
269 4855 410 4911 bominem
425 4861 544 4913 inomni
552 4862 740 4929 patientiam
752 4860 991 4914 ecbibeamusom·
1030 4859 1251 4929 ortospanum
1262 4859 1285 4913 si
1296 4858 1458 4914 itaintarse
1469 4857 1642 4914 distanthaec
1655 4857 1721 4924 duo,
1736 4861 1774 4914 ut
1787 4873 1837 4914 ee·

194 4961 258 5000 aem
271 4945 410 5001 bominem
418 4949 571 5016 perfectum
585 4951 617 5003 in
632 4949 740 5005 dinisto
753 4950 827 5002 lesu.
843 4949 933 5015 Hunc,
949 4948 991 5004 iu·
1030 4947 1137 5019 pientia
1150 4947 1261 5015 divinis,
1278 4947 1395 5004 seientia
1407 4946 1538 5002 hammus
1548 4945 1685 5002 attributa
1694 4945 1731 5000 sit
1746 4945 1837 5004 rebus

194 5034 264 5104 quit,
276 5035 470 5106 praedicamus,
488 5036 750 5091 omnembominem
763 5036 903 5104 docentes,
920 5042 952 5092 ut
960 5037 990 5093 in
1030 5042 1313 5110 utrumqueegnosco
1323 5036 1353 5091 in
1363 5036 1484 5103 Christo,
1501 5042 1649 5092 etmecum
1661 5033 1756 5091 omum
1769 5035 1837 5107 eius

193 5137 259 5177 eum
266 5123 398 5181 affectum
407 5124 539 5191 habeant,
550 5130 582 5179 ut
591 5124 621 5180 in
629 5125 756 5181 futurum
763 5125 875 5197 assequi
881 5126 990 5198 possint
1030 5125 1121 5181 ssdelis
1137 5143 1144 5178 z
1160 5131 1262 5182 etcum
1271 5126 1334 5199 lego
1348 5145 1354 5179 :
1373 5126 1487 5181 Verbum
1500 5140 1565 5181 caro
1577 5125 1686 5194 sactum
1698 5122 1835 5180 atelbe-

193 5209 391 5281 perfectionsm
406 5230 457 5285 per
475 5213 563 5279 illam,
577 5230 638 5284 quae
652 5214 682 5269 in
694 5231 727 5270 eo
742 5219 795 5280 est,
809 5214 904 5270 tidem.
918 5215 987 5271 Per·
1029 5215 1127 5271 ditarit
1136 5217 1168 5269 in
1179 5216 1265 5284 mdis,
1275 5214 1401 5287 intelligo
1410 5212 1440 5269 in
1447 5213 1539 5270 Verbo
1548 5229 1646 5270 rerum
1655 5210 1832 5280 Deiffilium,

192 5297 342 5354 lectionem
359 5301 464 5357 etenim
477 5302 605 5358 futurum
624 5307 730 5358 statum
745 5308 834 5370 vocat,
854 5303 926 5358 etin
939 5303 988 5360 illa
1028 5303 1059 5359 in
1068 5319 1278 5376 cameagnosco
1288 5319 1386 5358 verum
1395 5303 1519 5358 bominis
1529 5303 1629 5370 filium,
1640 5306 1833 5375 annuumque

192 5385 319 5460 Epistola
332 5404 418 5461 quam
430 5391 467 5447 ad
476 5390 592 5448 Galatas
605 5391 673 5450 etin
685 5392 837 5465 istaquam
850 5391 987 5466 adliphe·
1029 5392 1112 5450 sunni
1126 5392 1156 5448 in
1170 5407 1257 5450 unam
1271 5407 1421 5465 personam
1437 5390 1489 5448 Dei
1503 5395 1533 5448 et
1549 5390 1673 5448 hominis
1691 5388 1832 5450 inedebffi

1836 5560 1860 5588 w!
