3772 6120
118 289 192 348 1525
849 288 1040 344 EPlSTOLAE.
1697 291 1763 351 1526

118 421 184 490 post
199 413 410 490 percussionem
425 428 504 467 mens
519 413 624 480 redeat,
638 416 666 466 et
677 413 750 484 quod
766 413 976 485 apprehen-Ar
997 413 1122 468 neonium
1138 416 1311 488 temporibus
1324 419 1392 485 suis,
1408 419 1437 473 in
1453 435 1507 490 quo
1518 420 1625 492 pesitus
1637 435 1700 473 sum
1710 433 1762 488 ego

119 506 188 560 dere
204 522 259 560 non
274 504 349 558 valet
363 519 418 556 non
433 501 566 573 requirat,
584 519 619 555 ne
634 503 657 556 si
667 502 767 557 divinae
782 502 830 557 irre
840 519 924 556 eausa
967 519 980 554 a
996 503 1162 573 praedicator
1171 510 1200 559 et
1207 508 1363 577 apostolus:
1375 509 1520 563 veritatem
1532 509 1605 576 dico,
1615 525 1671 563 nen
1683 523 1763 562 men-

119 595 283 657 discutitur,
306 592 428 664 amplius
448 591 573 644 discussa
591 597 765 662 provocetur,
791 597 820 645 et
841 608 922 662 quem
968 591 1059 657 atior,
1078 592 1175 647 docter
1182 594 1308 665 gentium
1321 596 1410 650 infide
1433 597 1589 652 ctveritate
1606 599 1629 664 (l
1647 598 1717 651 Tim.
1734 613 1762 662 n,

119 678 925 755 placarehumiliterpoterat,inexstinguibilitersuperbia
967 698 980 732 a
1001 679 1105 750 laea).
1119 700 1132 735 n
1148 684 1253 738 liuban.
1267 687 1302 738 r'n
1317 685 1401 753 Epist.
1419 688 1502 740 Pauli
1517 689 1564 740 lib.
1590 686 1679 756 ιιιιιι.)
1702 686 1763 740 «ln

119 771 267 825 accendat.
281 791 292 822 i
307 769 357 824 llis
368 784 434 838 ergo
447 768 523 821 itase
537 766 714 834 habentibus,
730 767 835 822 bonum
855 768 923 822 mihi
964 784 1111 824 commune
1126 788 1176 843 pro
1200 773 1329 827 omnibus
1352 773 1454 829 debere
1474 792 1520 829 eos
1544 775 1677 830 sollicites
1702 791 1764 831 esse

119 860 234 915 videtur
249 865 281 914 ut
294 859 419 913 humana
433 856 570 928 fragilitas
591 855 685 911 divina
707 857 814 926 judicia
834 857 923 910 indis·
964 859 1104 929 pracepit.
1120 861 1193 915 Nam
1207 861 1231 915 is
1247 861 1294 933 qui
1311 880 1361 933 pro
1377 863 1507 918 omnibus
1524 864 1685 923 hominibus
1705 865 1765 918 haec

119 953 197 1004 crete
212 948 352 1003 discutere
367 963 421 1000 nen
438 946 598 1017 praes'umat,
614 945 662 998 sed
682 945 771 1016 magis
796 946 923 1000 venerari
964 945 1054 1000 lacere
1067 947 1192 1018 jubetur,
1206 950 1318 1005 evidens
1333 957 1375 1006 est
1386 953 1518 1023 queniam
1529 959 1558 1007 et
1571 970 1621 1024 pro
1635 952 1765 1007 omnibus

119 1038 244 1104 studeat,
262 1036 368 1108 quiain
384 1035 519 1107 praecipiti
535 1035 635 1106 pedem
650 1035 739 1106 ponit,
753 1034 923 1106 quimensu-
963 1034 1180 1092 sollicitudinem
1201 1040 1357 1110 expendere
1377 1040 1502 1111 jubetur.
1528 1041 1634 1095 Deinde
1655 1041 1691 1095 ad
1716 1041 1764 1096 illa

120 1142 218 1181 ramm
233 1142 349 1181 suarum
373 1124 491 1178 limitem
513 1141 568 1178 non
592 1124 721 1178 attendit.
745 1125 826 1179 Solus
847 1123 922 1179 enim
964 1140 1026 1194 quae
1045 1142 1155 1181 summa
1170 1144 1229 1181 esse
1252 1129 1382 1183 videntur
1405 1131 1480 1184 inter
1498 1130 1625 1185 homines
1640 1131 1761 1185 transit:

119 1216 197 1271 Deus
211 1214 333 1287 perfecte
348 1219 377 1268 et
391 1230 440 1285 per
454 1213 548 1267 omnia
560 1213 822 1268 suamvoluntatem
838 1219 866 1268 et
876 1231 923 1285 pe-
965 1230 978 1264 ι
996 1213 1049 1267 Pro
1065 1214 1187 1285 regibus,
1198 1217 1298 1288 inquit,
1311 1224 1340 1272 et
1354 1218 1539 1291 omnibusqui
1554 1220 1582 1274 in
1592 1220 1765 1275 sublimitate

118 1309 253 1360 testatem
266 1303 350 1358 novit.
368 1303 434 1357 Ideo
448 1302 542 1355 divina
553 1301 670 1372 judicia,
687 1319 748 1372 quae
764 1303 860 1373 ignota
874 1320 923 1357 no·
965 1307 1065 1356 esunt.
1079 1324 1090 1355 i
1104 1305 1138 1359 Et
1148 1306 1297 1360 ostendens
1310 1308 1442 1377 quoniam
1456 1314 1484 1362 et
1494 1310 1546 1363 hoc
1555 1310 1664 1364 lucrum
1678 1308 1765 1364 alteo-

118 1391 163 1446 bis
179 1397 256 1453 sunt,
271 1391 410 1446 discutere
424 1407 475 1444 nos
494 1391 695 1446 noncenvenit.
712 1392 817 1445 'l'amen
834 1391 922 1445 firmi·
964 1406 1046 1445 rum:
1067 1412 1077 1443 ι
1094 1399 1127 1447 ut
1141 1394 1276 1464 quietam,
1298 1395 1398 1467 inquit,
1425 1403 1453 1451 et
1474 1398 1655 1469 tranquillam
1677 1398 1764 1452 vitam

119 1485 166 1535 ter
178 1479 292 1534 credere
305 1478 439 1532 debemus
454 1477 527 1549 quod
544 1479 618 1532 Deus
640 1485 760 1533 mortem
775 1494 831 1533 non
846 1479 920 1546 feeit,
966 1497 978 1529 r
995 1496 1112 1549 agarnm
1127 1498 1191 1536 cum
1205 1483 1281 1538 omni
1295 1485 1398 1555 pietate
1407 1491 1436 1539 ct
1445 1485 1605 1540 sobrietate.
1618 1486 1761 1553 »sienim

121 1585 173 1623 nec
193 1569 303 1622 latetur
316 1567 345 1621 in
359 1566 515 1638 perditione
531 1567 712 1622 risorientium
745 1574 773 1622 et
795 1568 842 1640 qui
864 1568 923 1623 vult
963 1573 995 1621 ut
1009 1570 1176 1625 conveniens
1197 1578 1247 1639 est,
1264 1572 1294 1626 in
1309 1590 1375 1644 pace
1395 1573 1437 1627 illi
1451 1573 1609 1645 deguerint,
1633 1575 1765 1647 possibile

120 1674 220 1713 ornnes
235 1656 363 1715 homines
378 1656 468 1710 salvos
487 1673 559 1725 esse,
576 1662 604 1710 et
618 1657 652 1710 ad
668 1656 841 1727 agnitionem
854 1657 923 1713 veri·
963 1662 1007 1710 est
1022 1662 1050 1711 ct
1063 1676 1114 1713 nos
1134 1662 1368 1732 tranquillitatem
1391 1663 1524 1717 iacientes
1547 1664 1645 1736 pietati
1669 1664 1766 1718 inten-

121 1745 190 1801 tatis
203 1745 306 1813 venire,
319 1744 440 1799 redimet
454 1744 562 1799 animas
581 1761 723 1799 servorum
745 1763 870 1812 suorum,
895 1744 1039 1820 ethere,
1057 1753 1085 1803 et
1100 1749 1162 1804 vitm
1172 1749 1327 1805 sobrietati.
1346 1752 1380 1806 Et
1396 1753 1518 1807 suadens
1529 1753 1585 1806 illis
1601 1753 1655 1808 ista
1669 1754 1709 1806 sic
1722 1753 1765 1807 la·

120 1851 178 1890 non
194 1835 370 1905 derelInquet
382 1851 479 1888 omnes
495 1834 670 1906 quisperant
692 1835 778 1890 inse.
794 1836 872 1900 Quod
893 1837 922 1891 in
964 1851 1036 1902 cere,
1053 1837 1125 1892 sicut
1140 1839 1198 1910 ipsc
1212 1841 1353 1911 proecepit,
1370 1857 1548 1896 communem
1564 1858 1614 1913 pro
1636 1841 1766 1896 omnibus

121 1923 275 1995 Scripturis
289 1923 377 1978 saeris
391 1928 419 1976 et
431 1923 460 1976 in
477 1923 577 1977 divinis
590 1924 779 1979 Testamentis
793 1926 828 1979 de
850 1943 922 1997 pne-
965 1924 1125 1980 horninibus
1137 1928 1364 1996 sollicitudinem,
1379 1930 1426 2000 qui
1442 1947 1492 2001 per
1501 1935 1593 1986 totum
1602 1930 1766 1986 orbemesse

120 2011 308 2066 destinatione
323 2011 458 2083 scriptum
478 2012 607 2083 legimus,
632 2013 752 2068 firmiter
766 2020 922 2085 teneamus,
964 2013 1102 2082 videntur,
1119 2017 1285 2088 expendere,
1302 2019 1500 2074 etcommunia
1514 2018 1765 2074 benadabereexi·

121 2117 174 2156 nec
189 2102 224 2155 de
240 2107 336 2155 nostre
350 2101 455 2171 aliquid
478 2102 599 2171 adjicere
620 2118 831 2172 praesumamus.
850 2103 923 2157 Satis
964 2103 1072 2156 stimari
1088 2121 1197 2176 eaquae
1212 2106 1406 2161 universorum
1422 2113 1500 2162 sunt:
1515 2128 1526 2159 ι
1544 2109 1603 2162 llec
1617 2113 1712 2162 autem
1722 2113 1765 2163 est

121 2190 159 2244 sit
172 2189 253 2245 nobis
270 2191 343 2262 quod
356 2190 506 2261 Apostolus
521 2196 549 2244 et
564 2190 662 2244 docter
673 2191 801 2261 gentium
810 2191 845 2246 de
855 2209 923 2264 prae·
968 2212 980 2246 a
998 2196 1101 2251 bonum
1112 2199 1141 2249 et
1150 2200 1294 2265 acceptum
1305 2213 1398 2250 ceram
1414 2198 1551 2251 salvatore
1562 2197 1619 2252 Deo
1628 2203 1734 2251 nostre.
1749 2217 1760 2249 i

119 2278 308 2334 destinatione
320 2279 473 2334 electorum
488 2279 603 2346 docuit,
620 2296 669 2334 nec
687 2280 756 2334 illud
774 2282 848 2352 quod
864 2281 922 2353 ipse
966 2287 1084 2355 (Anrbr.)
1101 2284 1279 2340 sufficienter
1292 2285 1381 2339 suasit
1404 2302 1451 2339 eos
1471 2286 1510 2340 sic
1529 2303 1636 2356 sapere,
1654 2286 1677 2339 si
1701 2285 1764 2356 qui-

120 2368 154 2423 de
169 2368 355 2440 reproborum
370 2368 614 2440 praedestinatione
641 2370 732 2424 dicere
752 2370 853 2440 noluit,
872 2387 923 2426 nos
963 2377 1026 2431 dem
1043 2379 1071 2429 et
1082 2376 1139 2429 Deo
1154 2374 1194 2428 sic
1204 2375 1305 2446 placet.
1318 2375 1397 2429 Unde
1410 2380 1439 2429 et
1453 2375 1645 2447 probationem
1660 2375 1765 2430 taciens

120 2457 231 2513 noviter
244 2457 407 2512 inferamus.
424 2458 487 2512 Non
503 2458 578 2513 enirn
592 2464 703 2530 oportet
713 2475 763 2513 nes
779 2460 813 2513 de
825 2460 922 2515 volun·
965 2465 1038 2536 qued
1054 2465 1112 2518 Deo
1127 2463 1183 2517 ista
1198 2464 1318 2535 placent,
1335 2464 1446 2533 adjicit:
1466 2484 1476 2514 ι
1494 2463 1548 2528 Qui
1562 2479 1659 2519 omnes
1676 2462 1764 2518 homi·

119 2550 181 2601 tate
196 2551 225 2600 et
238 2546 319 2601 factis
332 2545 382 2602 Dei
396 2547 456 2601 sine
471 2547 608 2601 elraritatc
630 2547 785 2619 disputare,
805 2555 833 2602 et
854 2566 923 2620 prae·
967 2572 978 2605 r
996 2570 1045 2607 nes
1054 2553 1113 2606 vult
1121 2552 1212 2606 salvos
1223 2551 1294 2617 steri,
1308 2557 1336 2605 et
1345 2551 1379 2605 ad
1390 2552 1578 2623 cognitionem
1588 2553 1763 2607 veritatisve-

119 2639 281 2709 sumptione
301 2637 336 2691 ad
354 2637 530 2691 infirmorum
545 2637 707 2692 scandalum
722 2638 840 2693 invicem
856 2655 923 2694 con·
966 2661 979 2695 r
996 2642 1066 2697 nire.
1081 2659 1093 2690 s
1109 2641 1180 2694 Nam
1190 2640 1341 2712 quiaDeus
1355 2641 1389 2695 de
1400 2641 1529 2697 omnibus
1539 2641 1699 2696 hominibus
1709 2640 1764 2696 ista

118 2724 244 2789 tendere,
262 2741 297 2779 ne
311 2724 383 2779 sorte
394 2743 444 2796 per
456 2726 508 2779 hec
519 2726 600 2796 juxta
611 2725 745 2780 Veritatis
756 2727 924 2783 sententiam
965 2731 1039 2796 velit,
1053 2746 1136 2784 nenio
1149 2729 1253 2801 poterit
1263 2730 1465 2787 contradicere.
1478 2731 1597 2786 Evidens
1611 2735 1706 2786 autem
1721 2736 1765 2786 est

118 2812 149 2867 in
163 2817 300 2869 aetcrnum
312 2815 480 2887 supplicium
489 2815 665 2869 damnemur.
679 2815 789 2870 Sufficit
800 2814 878 2870 nobis
888 2816 923 2871 ad
965 2820 1098 2892 quoniam
1112 2836 1208 2873 omnes
1224 2820 1283 2874 vult
1298 2813 1408 2885 saltari,
1423 2820 1489 2891 quia
1503 2825 1532 2875 et
1545 2836 1642 2875 omnes
1656 2824 1761 2874 tuetur.

120 2903 253 2970 salutem,
270 2905 345 2958 etad
361 2904 796 2976 reetaefidcisobrietatem,quod
811 2912 924 2976 aposto·
965 2909 1161 2964 Necessarium
1175 2914 1218 2962 est
1232 2924 1298 2978 ergo
1322 2912 1355 2962 ut
1374 2925 1425 2962 nos
1446 2910 1507 2980 ejus
1526 2909 1677 2964 tuitionem
1698 2924 1766 2979 erga

120 2991 174 3046 lica
188 2992 316 3048 doctrina
331 3011 380 3048 nos
391 2995 480 3058 docet,
498 3001 527 3049 et
545 2994 646 3049 stultas
661 2995 830 3066 quaestiones
844 2995 924 3067 peni·
966 3015 1063 3053 omnes
1078 2996 1231 3063 imitemur,
1248 2996 1271 3050 si
1286 3003 1382 3051 tamen
1392 2997 1427 3050 ad
1443 2997 1557 3067 plenum
1578 2997 1765 3053 acceleramus

119 3089 166 3137 tus
181 3082 354 3150 deseramus,
371 3084 526 3138 secundum
538 3085 663 3155 ejusdem
678 3084 804 3156 Apostoli
819 3102 922 3156 praece·
966 3085 1069 3140 similia
1080 3101 1178 3156 sapere
1193 3085 1261 3141 Deo.
1278 3086 1313 3139 Et
1324 3084 1399 3139 omni
1415 3091 1542 3158 exparte
1560 3085 1589 3140 id
1614 3087 1765 3141 ostendens

120 3177 211 3244 ptum,
229 3173 304 3244 quod
319 3173 352 3226 ad
361 3172 540 3227 Timotheum
553 3173 678 3228 scribens
692 3174 749 3227 ait:
767 3197 775 3219 ι
792 3173 924 3228 Noliver-
964 3173 1070 3245 adjicit,
1089 3192 1102 3227 r
1120 3174 1198 3228 Unus
1208 3179 1301 3228 autem
1318 3174 1393 3228 Deus
1407 3179 1458 3228 est.
1479 3195 1489 3225 r
1508 3175 1567 3228 lloc
1582 3179 1634 3239 est,
1647 3174 1714 3247 quia
1722 3179 1766 3230 est

122 3280 134 3312 ι
152 3261 196 3316 bis
210 3262 390 3328 contendere,
405 3261 433 3316 in
450 3261 537 3316 nibilo
551 3261 630 3327 utile,
646 3261 699 3316 nisi
713 3262 749 3316 ad
765 3261 923 3316 subversio·
965 3263 1090 3317 omnium
1106 3263 1191 3330 DeuS,
1207 3280 1263 3317 non
1280 3263 1399 3317 aliorum
1421 3263 1534 3334 quidem
1559 3269 1602 3318 est
1616 3264 1763 3330 Dominus,

123 3371 135 3403 ι
150 3369 215 3406 nem
226 3351 539 3406 audientiumSollieite
548 3351 742 3422 curateipsum
751 3351 924 3423 probabilem
966 3352 1086 3406 aliorum
1099 3368 1165 3405 vero
1180 3357 1300 3406 nonest.
1315 3353 1413 3422 Itaque
1429 3369 1484 3407 non
1503 3358 1544 3406 est
1554 3352 1685 3422 possibile
1700 3368 1764 3406 cum

123 3439 283 3495 «exhibere
311 3441 368 3494 Dee
398 3441 568 3512 operarium,
591 3438 824 3498 inconfusibilem.
849 3445 924 3494 recte
965 3441 1108 3512 despicere
1136 3440 1244 3511 aliquos
1271 3440 1351 3510 quasi
1376 3440 1482 3493 alienos
1508 3439 1559 3493 sibi
1594 3440 1763 3495 existentes:

124 3532 325 3583 «tractantem
343 3529 458 3582 verbum
483 3527 618 3583 veritatis.
634 3529 755 3582 Prolana
778 3534 871 3583 autern
897 3534 925 3583 et
968 3531 1074 3584 «Unus
1087 3534 1130 3582 est
1140 3528 1277 3581 mediator
1287 3527 1336 3580 Dei
1348 3527 1529 3581 etliominurn
1543 3528 1626 3581 bomo
1637 3527 1763 3581 Christus

122 3636 134 3666 ι
158 3616 472 3689 inaniloquiaderita,et
482 3617 629 3672 verborum
640 3619 791 3672 novitates:
804 3619 924 3673 inultum
968 3638 979 3670 r
997 3620 1086 3672 lesus.
1099 3636 1111 3671 a
1126 3618 1218 3686 (drap.)
1226 3615 1318 3670 Fallax
1327 3616 1421 3687 itaque
1432 3617 1579 3698 mediator,
1590 3618 1641 3670 boc
1657 3615 1764 3670 estdia·

120 3724 133 3755 r
152 3705 227 3759 enim
249 3707 397 3777 proficiunt
411 3709 447 3761 ad
462 3707 644 3779 impietatem,
667 3715 695 3762 ot
709 3724 801 3761 sermo
826 3724 922 3762 eorum
965 3707 1055 3775 bolus,
1076 3724 1131 3778 que
1154 3723 1205 3777 per
1222 3709 1329 3759 secreta
1346 3704 1452 3775 judicia
1466 3706 1515 3760 Dei
1531 3705 1661 3776 superbia
1676 3705 1764 3758 horni-

121 3800 185 3847 rut
199 3809 299 3848 cancer
314 3795 401 3866 serpit
417 3797 456 3863 (ll
473 3798 541 3850 Tr'na
562 3812 588 3860 n,
621 3796 652 3849 14
669 3799 777 3865 sapt.»
803 3797 837 3851 Et
860 3814 922 3850 rur·
966 3814 1032 3850 num
1048 3791 1762 3860 merereturilludi,unumcumbominibusbabet,

116 3899 201 3937 suni:
222 3902 233 3932 a
248 3883 363 3949 Stultus,
381 3884 483 3954 inquit,
493 3884 588 3938 etsine¹
602 3884 923 3957 disciplinaquaestiones
964 3885 992 3938 id
1009 3889 1060 3950 est,
1077 3888 1221 3954 peccatum
1237 3882 1425 3937 :aliudvideri
1438 3883 1497 3937 vult
1509 3881 1611 3936 habere
1624 3881 1761 3946 cumDeo,

116 3991 132 4024 ιι
149 3971 253 4039 devita,
270 3972 359 4027 sciens
374 3974 443 4044 quia
457 3980 594 4044 generant
610 3974 683 4038 lites,
700 3990 810 4028 servum
827 3979 922 4029 autem
963 3980 994 4029 ut
1010 3973 1075 4045 quia
1088 3972 1181 4027 carnis
1195 3973 1367 4026 mortalitate
1380 3990 1436 4027 non
1449 3972 1564 4043 tegitur,
1582 3988 1632 4042 pre
1649 3971 1763 4024 immor-

120 4081 132 4111 ι
151 4061 266 4116 Domini
281 4078 336 4115 non
352 4068 462 4135 oportet
473 4063 592 4133 litigare,
606 4063 653 4118 sed
666 4068 845 4117 mansuetum
861 4080 921 4117 esse
963 4063 1012 4117 tali
1028 4079 1057 4117 se
1072 4062 1210 4116 ostendat.
1227 4062 1281 4115 Sed
1297 4062 1364 4133 quia
1378 4061 1549 4134 stipendium
1565 4059 1671 4132 peccati
1688 4076 1763 4114 mors

121 4149 188 4203 «ad
204 4166 312 4215 omnes,
328 4151 486 4221 docibilem,
505 4153 669 4224 patientem,
696 4169 758 4207 cum
785 4152 922 4206 modestia
964 4161 1014 4212 est,
1031 4151 1083 4205 hoc
1097 4150 1182 4204 habet
1193 4167 1341 4205 commune
1356 4167 1419 4205 curn
1444 4150 1615 4217 bominibus,
1635 4150 1709 4204 unde
1729 4149 1764 4204 si·

121 4258 134 4290 a
150 4239 350 4310 corripientem
361 4257 408 4295 eos
419 4242 465 4312 qui
481 4243 616 4297 resistunt
627 4242 755 4303 iventone
766 4258 801 4296 ne
811 4241 922 4313 quando
964 4241 1022 4294 mul
1038 4241 1208 4294 damnentur
1221 4239 1249 4293 in
1265 4245 1394 4295 mortem.
1416 4241 1505 4295 l'erar
1521 4247 1616 4295 autem
1627 4238 1764 4293 mediator

122 4347 136 4380 r
153 4327 203 4382 det
213 4329 288 4383 Deus
303 4330 341 4383 illi
357 4331 551 4401 paenitentiam
566 4332 599 4384 ad
615 4331 835 4403 cognoscendam
850 4332 922 4385 veri·
965 4336 1016 4394 est,
1030 4346 1113 4401 quem
1126 4335 1221 4384 secuta
1236 4337 1285 4383 tua
1295 4329 1494 4384 misericordia.
1510 4330 1637 4394 Domine,
1650 4329 1764 4382 demon-

125 4443 133 4466 ·
154 4423 253 4482 tatem,
264 4425 292 4473 ct
299 4419 465 4490 resipiscant
477 4420 604 4474 adiaboli
616 4421 837 4492 laqueis,aquod
848 4421 922 4493 capti
931 4417 955 4474 D
965 4420 1046 4473 strati
1060 4418 1222 4483 humilibus,
1236 4424 1265 4473 et
1277 4419 1387 4485 misisti,
1406 4423 1437 4472 ut
1452 4422 1513 4489 ejus
1532 4418 1657 4488 exemplo
1679 4416 1764 4470 etiarn

124 4528 136 4558 ι
155 4508 609 4578 tenenturadipsiusveluntatem
621 4511 789 4576 (lbril.,eers.
802 4508 922 4579 tituta»
965 4509 1055 4579 ipsam
1070 4508 1210 4562 discerent
1223 4508 1420 4562 humilitatem.
1438 4507 1575 4561 Mediator
1593 4507 1696 4578 quippe
1717 4505 1764 4560 ille

121 4597 244 4652 Oramus
260 4613 310 4667 pro
323 4596 441 4651 invicem
452 4604 483 4652 ut
498 4599 649 4666 salvemur,
665 4598 738 4652 sirut
753 4604 924 4653 memoratus
965 4597 1016 4651 Dei
1030 4602 1059 4652 et
1071 4597 1318 4655 lioniinurn,lrom0
1330 4597 1457 4650 Christus
1471 4599 1560 4660 lesus,
1575 4597 1648 4649 inter
1662 4601 1765 4650 ritorta-

121 4684 275 4756 llpostolus
292 4703 342 4739 nos
356 4685 447 4739 fircera
461 4687 541 4740 (locet
556 4687 668 4741 dicens:
684 4706 694 4735 a
708 4686 828 4740 Obsecro
839 4688 925 4757 igitur
966 4687 1005 4739 les
1017 4691 1175 4757 peccatores
1184 4693 1212 4738 et
1222 4685 1409 4739 immortalem
1418 4688 1526 4755 justum
1542 4685 1682 4756 apparuit,
1692 4701 1765 4738 mor·

124 4795 137 4826 r
156 4773 386 4844 primoomnium
402 4775 462 4829 sieri
478 4775 692 4839 obsecrationes,
706 4775 855 4842 orationes,
874 4793 924 4847 pn·
966 4774 1030 4827 talis
1043 4791 1106 4829 curn
1123 4774 1293 4841 bominibus,
1304 4776 1398 4844 justus
1412 4791 1475 4828 cum
1489 4776 1555 4840 Deo,
1577 4780 1609 4828 ut
1632 4774 1763 4845 quoniam

123 4863 329 4922 ustulationes,
344 4864 646 4935 gratiarumactiones¹
664 4881 713 4935 pro
730 4863 858 4918 omnibus
874 4866 922 4920 he·
968 4863 1140 4933 stipendium
1153 4863 1270 4933 justitiae
1289 4864 1346 4916 vita
1362 4870 1390 4917 et
1407 4879 1459 4934 pax
1481 4870 1524 4917 est
1555 4880 1605 4934 per
1624 4862 1764 4932 justitiam

124 4973 136 5004 ι
156 4952 290 5021 minibus,
306 4970 357 5025 pre
373 4953 485 5024 regibus
500 4961 527 5008 et
542 4954 671 5007 omnibus
685 4954 733 5025 qui
752 4953 782 5007 in
797 4953 924 5009 sublimi·
968 4953 1146 5023 conjunctam
1161 4952 1220 5006 Deo
1236 4958 1384 5006 evacuaret
1403 4957 1523 5006 mortem
1546 4952 1763 5021 justificatorum

123 5062 138 5096 ι
155 5048 215 5097 tate
225 5048 300 5108 sunt,
313 5043 474 5114 utquietam
486 5048 514 5097 et
524 5042 706 5114 tranquillam
716 5043 925 5114 vitamagnmus
966 5041 1125 5112 impiorum,
1143 5057 1227 5111 quam
1245 5058 1308 5095 eum
1329 5041 1383 5096 illis
1408 5042 1495 5096 voluit
1513 5040 1616 5093 babere
1639 5056 1764 5094 commu·

124 5157 135 5179 ·
156 5132 186 5186 in
200 5132 276 5186 omiti
291 5132 396 5204 pietate
411 5138 439 5186 et
453 5132 589 5188 castitate.
604 5133 662 5186 lloc
678 5131 866 5187 enimbonum
882 5139 926 5187 est
966 5147 1041 5184 nem.
1059 5130 1103 5185 Sic
1116 5131 1324 5184 demonstratus
1338 5136 1381 5184 est
1398 5130 1522 5201 antiquis
1540 5129 1652 5193 sanctis,
1674 5134 1706 5183 ut
1725 5129 1766 5183 ita

125 5242 136 5272 ι
154 5228 184 5276 et
197 5227 342 5295 acceptum
362 5238 456 5276 ceram
472 5222 609 5276 salvatore
624 5227 721 5275 nostro
732 5223 799 5290 Deo,
811 5222 857 5293 qui
871 5238 927 5274 om-
969 5220 1021 5290 ipsi
1032 5236 1082 5291 per
1097 5219 1179 5273 fidem
1196 5218 1296 5273 lutura
1311 5220 1448 5290 passionis
1466 5220 1537 5289 ejus,
1550 5218 1622 5272 sieut
1643 5234 1694 5271 nos
1716 5234 1767 5289 per

125 5312 345 5366 oneshemines
360 5311 419 5364 vult
437 5311 528 5364 salves
553 5311 623 5374 sveri,
650 5318 679 5364 et
701 5311 735 5364 ad
757 5310 927 5381 agnitionem
971 5309 1054 5363 fidem
1075 5308 1232 5379 praeterita,
1255 5309 1322 5362 salvi
1343 5309 1451 5362 tierent.
1477 5309 1509 5363 ln
1530 5312 1666 5377 quantum
1690 5307 1764 5362 enim

124 5423 135 5451 ι
158 5400 281 5455 veritatis
297 5401 400 5454 venire.
417 5400 495 5455 Unus
506 5399 581 5454 enim
596 5400 680 5466 Deus,
697 5417 769 5454 unias
780 5405 809 5453 et
826 5400 929 5454 media-
971 5400 1064 5462 bomo,
1083 5398 1110 5451 in
1126 5403 1236 5452 tanturn
1248 5398 1435 5452 medialerzin
1448 5402 1584 5469 quantum
1600 5405 1693 5451 autern
1707 5413 1768 5452 vor·

124 5510 136 5541 r
155 5495 200 5542 tor
209 5490 259 5544 Dei
271 5489 452 5545 etheminum
469 5490 553 5543 lromo
568 5489 695 5543 Christus
712 5491 802 5550 lesura,
819 5489 865 5560 qni
880 5490 930 5543 de·
972 5488 1047 5554 bum,
1065 5505 1121 5542 non
1137 5487 1254 5549 medius,
1268 5487 1335 5557 quia
1349 5487 1463 5557 aequalis
1478 5488 1544 5551 Dee,
1562 5493 1590 5540 et
1604 5487 1678 5541 Deus
1692 5489 1767 5560 apud

123 5598 137 5631 a
158 5578 201 5633 dit
215 5578 439 5650 redemptionem
464 5577 646 5648 semetipsum
662 5595 712 5650 pro
729 5577 835 5645 multis,
855 5578 932 5632 testi·
974 5579 1071 5643 Derim,
1089 5582 1119 5635 et
1134 5577 1218 5632 simul
1239 5593 1301 5631 cum
1324 5575 1429 5648 Spiritu
1448 5581 1544 5631 saneto
1562 5593 1635 5632 unus
1651 5577 1735 5633 Deus.
1753 5596 1766 5630 a
