3772 6120
117 286 162 347 65³
349 289 635 349 ENABRATIONUM
654 291 693 344 IN
712 290 788 344 ΕΡΡ.
810 289 917 345 PAULI
936 290 1004 344 tta.
1026 290 1109 344 XXV.
1135 320 1167 331 ·-
1186 292 1224 349 ΙΝ
1244 291 1355 351 amst-
1376 291 1423 351 ΑΒ
1442 290 1510 347 ΤΙΤ.
1696 298 1746 353 ott

117 427 176 465 eum
186 411 221 464 de
239 412 420 482 hoe,propter
427 411 500 481 quod
508 411 603 481 posuit
612 411 698 464 etiem
706 411 782 463 illum
789 428 911 480 poenam,
922 414 968 471 Aa
986 428 1050 465 rum
1066 428 1110 467 ine
1125 413 1208 467 faciet
1221 413 1249 467 in
1264 430 1472 483 regnumsuum
1483 407 1653 481 ‹ucleatiu'oui
1658 421 1751 488 gloria

118 516 174 571 quae
188 499 214 553 ei
224 500 360 554 manebat
373 518 390 553 a
404 501 472 562 Deo,
487 518 536 569 pro
562 499 662 568 quibus
691 500 760 553 talia
784 499 911 564 faciebat,
956 519 968 551 e
985 500 1014 554 in
1038 502 1140 555 saecula
1165 503 1339 568 seculorum,
1368 521 1461 559 ninen.
1480 523 1493 556 a
1515 506 1577 563 Nou
1594 507 1668 567 ultra
1681 509 1753 568 dixit

118 605 169 645 uon
183 576 405 643 rualedieabatei
414 589 487 644 sicut-
496 589 611 657 quidam
623 588 914 654 eristirnare1·uut,sed
956 589 1083 643 liberarit
1097 607 1141 653 rna
1149 589 1223 644 abeo
1232 611 1237 644 :
1247 592 1414 661 praedixerat
1422 598 1517 653 autem
1525 593 1554 653 in
1561 597 1752 665 superioribus

119 682 148 733 ut
159 677 324 733 hortaretur
335 679 514 733 Timotheum
530 677 664 732 multaab
679 693 712 731 ee
726 677 914 740 sustinentem
956 678 1089 748 quoniam
1103 695 1159 735 non
1170 681 1363 749 postmultum
1373 682 1508 751 temporis
1517 683 1753 749 aratinterllcien·

118 766 189 819 mala
203 767 346 835 patienter
360 767 509 822 sustinere.
527 767 586 820 lla>
597 783 663 835 ergo
677 767 712 821 de
728 782 813 820 causa
823 782 916 820 ueces-
957 766 1019 831 due,
1033 767 1106 836 quod
1123 773 1152 820 et
1164 783 1262 838 pressus
1281 775 1332 833 eat,
1349 770 1462 841 capitali
1472 787 1489 829 a
1499 771 1612 831 Nerone
1626 773 1753 835 meiana

118 854 190 911 sario
204 862 381 909 memoratus
409 864 452 909 est
471 855 571 913 tirum,
589 855 752 925 praecipiens
770 855 916 910 Timotheo
956 855 1114 919 sonantia,
1130 872 1164 908 eo
1182 862 1308 931 tempore
1330 874 1385 928 quo
1409 859 1533 919 secunda
1556 859 1614 915 rice
1635 862 1754 923 Romam

119 949 148 999 ut
162 960 214 1015 pro
225 944 328 1001 uirium
352 961 469 1008 suarum
487 943 670 1014 possibilitate
689 944 831 998 declinare
856 945 916 1013 ejus
957 945 1184 999 accesserattsed
1194 945 1265 1008 dixit
1280 966 1293 996 a
1300 945 1335 1005 ab
1345 946 1422 1007 onrui
1438 964 1523 1018 opem
1537 949 1611 1010 malo
1626 949 1757 1011 liberarit

119 1032 233 1089 iusidias
248 1033 425 1105 deproperet.
438 1035 501 1087 Non
515 1033 646 1087 convenit
655 1049 720 1087 rere
735 1032 831 1087 mirari
844 1032 869 1087 si
881 1032 917 1087 ab
958 1049 1031 1098 mem
1040 1033 1140 1089 hocest
1149 1033 1757 1106 abomnipressuraprreseqtisritaeiiberarit

119 1121 217 1177 erario
229 1128 310 1177 tanta
319 1131 386 1176 tunc
401 1121 505 1177 fiebant
514 1121 730 1192 indisciplinate,
742 1121 808 1192 quia
819 1128 848 1175 et
862 1122 918 1177 rul-
959 1137 1014 1188 rae,
1022 1122 1052 1175 in
1061 1138 1144 1185 suum
1153 1139 1199 1185 nie
1215 1124 1326 1191 salvans
1338 1138 1467 1194 regnum
1484 1126 1559 1195 quod
1577 1132 1606 1183 at
1616 1135 1754 1199 exspecto.

117 1228 200 1285 gares
216 1211 344 1265 honrines
360 1211 543 1281 insurgebant
556 1211 689 1267 adversus
706 1211 814 1280 eosqui
828 1211 918 1282 pieta-
959 1211 1092 1265 Posthac
1107 1211 1239 1281 pracepit
1252 1212 1279 1275 ai
1292 1213 1541 1284 :rSaluta,ihqnit,
1551 1215 1717 1284 Priscillam,
1728 1225 1757 1275 et

119 1306 175 1353 tem
185 1299 388 1371 predicabant,
402 1301 502 1370 vulgus
518 1304 613 1355 autom
624 1300 665 1352 vel
685 1300 805 1355 maxime
820 1316 918 1355 omnes
962 1319 974 1351 a
986 1299 1126 1370 Aquilam,
1137 1300 1474 1371 atOueaiphoridomum.
1489 1303 1618 1365 »Iudicat
1629 1305 1716 1367 etiam
1731 1307 1760 1366 ei

120 1405 297 1443 commorere
318 1389 464 1443 ridebatur
481 1387 642 1443 seditiones.
669 1412 680 1435 α
699 1389 731 1444 lu
753 1389 844 1459 prima
856 1406 920 1443 mea
959 1387 1273 1456 etdealiis,aitenim:
1298 1389 1755 1456 «Erastusremansitcorinthim

122 1476 316 1531 «defensione
331 1494 413 1531 nemo
426 1477 494 1530 mihi
504 1476 602 1543 astitit,
611 1477 659 1530 sed
674 1494 822 1532 omnesme
837 1478 919 1532 dere·
961 1476 1118 1546 Designatus
1147 1478 1280 1548 quoniam
1300 1478 1416 1543 Erpatus
1437 1479 1563 1542 Corinthi
1578 1483 1757 1545 remanserit.

122 1567 311 1638 sliquerunt:
328 1583 384 1621 non
395 1565 449 1619 illis
465 1566 630 1635 imputetur.
648 1567 706 1620 »lu
719 1566 810 1636 prima
823 1566 921 1619 desen-
964 1566 1177 1636 «Trophyrnum
1193 1572 1287 1631 autem
1311 1567 1412 1637 reliqui
1428 1568 1503 1638 apud
1523 1570 1659 1639 Mylatum
1679 1571 1759 1634 infir·

121 1655 200 1711 sione
225 1655 303 1722 dicit,
324 1655 436 1726 quando
459 1655 488 1709 in
511 1654 609 1725 primis
628 1655 729 1711 duetus
745 1656 862 1719 Romam
878 1661 923 1708 est
964 1672 1075 1711 rmum.
1096 1655 1313 1725 »Trophymum
1324 1673 1389 1711 rero
1405 1657 1478 1726 quod
1493 1657 1554 1728 ipso
1570 1659 1761 1723 infirmantem

122 1744 232 1799 rinctus
247 1761 281 1797 ex
296 1745 309 1799 J
314 1744 402 1807 urliea,
419 1744 569 1813 quaudoet
579 1744 796 1814 appellationem
808 1744 920 1798 lecerat.
931 1729 1110 1813 Brutiquerit
1128 1744 1225 1814 Myleti
1247 1744 1410 1810 insinuavit,
1427 1746 1530 1816 quibua
1544 1748 1652 1817 adjicit.
1669 1750 1762 1808 «Fae-

120 1825 923 1904 Beneautempraeatusestmtillia·nonimputo'turpaeca-
966 1832 1056 1897 utino
1073 1839 1139 1889 anto
1163 1833 1284 1889 hiemem
1310 1833 1413 1897 venire.
1444 1853 1457 1886 1>
1491 1835 1597 1898 Doittde
1621 1837 1762 1908 signifieat

122 1922 257 1987 tumhec,
270 1922 385 1992 eoquod
395 1922 568 1992 perspexerit
583 1923 652 1976 alies
666 1921 702 1977 ob
717 1922 920 1985 infirmitatem,
963 1921 1087 1977 scribens
1097 1921 1123 1985 ei
1137 1922 1270 1991 queniam
1277 1929 1306 1975 et
1319 1922 1420 1985 tratres
1427 1924 1635 1992 salutantem,
1647 1927 1742 1987 dteeus
1755 1945 1760 1981 ε

119 2010 190 2065 alios
205 2010 242 2063 ob
268 2010 537 2071 imminentemsibi
562 2011 757 2074 necessitatem
782 2013 842 2065 loce
862 2026 923 2065 ees-
966 2034 979 2060 u
995 2010 1158 2069 Salutantte
1170 2010 1300 2073 Bulotus,
1313 2011 1760 2084 etPrudensllmdenal,etl,inua‚

119 2099 211 2155 aisse:
233 2099 398 2155 nilominus
408 2105 503 2157 autem
517 2099 695 2165 astititmihi,
715 2105 744 2153 at
757 2099 924 2155 contortorit
966 2118 977 2147 (ι
995 2106 1024 2152 et
1045 2099 1171 2158 Claudia,
1197 2106 1226 2152 et
1239 2099 1342 2155 lintres
1362 2117 1471 2162 omues.
1490 2124 1502 2152 o
1519 2102 1642 2168 Fratres,
1658 2104 1760 2175 inquit,

121 2212 135 2238 ι
145 2205 203 2253 me,
222 2196 254 2243 ut
274 2205 324 2258 per
335 2205 379 2241 me
395 2188 556 2258 praedicatio
572 2188 747 2259 impleretur,
767 2195 796 2243 et
806 2189 923 2243 audiant
964 2203 1062 2240 omnes
1073 2205 1077 2239 :
1088 2205 1135 2240 eos
1143 2187 1212 2241 dicit
1220 2188 1267 2259 qui
1280 2188 1417 2261 utiqueeo
1430 2195 1555 2260 tempore
1561 2191 1656 2245 Roma
1669 2200 1759 2258 erant,

122 2293 253 2331 somnes
267 2281 366 2346 gentes
381 2285 410 2330 et
428 2277 563 2333 liberatus
586 2295 649 2331 sum
665 2295 697 2332 ax
726 2294 774 2331 ere
792 2277 890 2339 leonis.
908 2296 921 2328 »
965 2281 993 2329 et
1007 2275 1069 2329 illos
1085 2276 1615 2348 quidemquosallectujustossibiesse
1632 2281 1764 2335 cernebat
1856 2281 1858 2286 '

121 2365 248 2420 Monam
260 2366 312 2419 hoe
334 2366 362 2419 in
391 2366 450 2419 loeo
475 2367 615 2429 Neronem
631 2383 726 2436 regem
739 2383 790 2437 per
803 2366 924 2436 aenigma
964 2364 1132 2418 nominatim
1148 2364 1266 2419 eredidit
1276 2366 1483 2432 memorandos,
1500 2377 1614 2423 caeteros
1625 2384 1691 2423 rero
1705 2373 1762 2424 tra·

123 2464 212 2509 secat.
237 2455 305 2509 Vult
319 2454 395 2509 enim
419 2455 521 2521 dicere,
544 2455 678 2525 quonium
701 2463 847 2511 assecutus
860 2472 923 2509 sum
964 2457 1022 2506 tres
1035 2452 1064 2507 in
1079 2451 1221 2507 eornmuni
1232 2453 1400 2507 salutatione
1419 2454 1642 2527 comprehendit,
1664 2462 1692 2512 et
1703 2458 1762 2531 pri-

125 2543 360 2613 DoiJ'udieium,a
369 2560 425 2613 quo
434 2550 462 2597 et
477 2544 650 2605 confortatus
663 2545 698 2598 de
714 2544 769 2605 illis
779 2561 841 2615 quae
855 2561 924 2614 erga
964 2557 1043 2597 mum
1060 2542 1173 2612 quidem
1185 2558 1235 2611 pro
1250 2541 1309 2613 ipso
1324 2542 1471 2597 Timotheo
1485 2544 1664 2607 oransdieit:
1682 2565 1696 2597 e
1711 2548 1765 2601 Do-

128 2648 171 2687 me
186 2632 301 2687 luerunt
320 2632 503 2699 satisfaciens,
519 2633 623 2695 dimitti
636 2634 733 2704 jussus
748 2651 820 2699 sum,
837 2634 878 2697 ita
893 2640 924 2687 ut
966 2649 979 2683 r
995 2630 1088 2684 minus
1102 2632 1184 2685 Jesus
1194 2631 1322 2685 Christus
1334 2649 1398 2686 oum
1413 2632 1513 2703 spiritu
1526 2639 1585 2687 bro.
1607 2656 1617 2685 o
1631 2635 1699 2691 Post
1709 2636 1762 2690 hoc

128 2737 239 2775 cursum
260 2738 356 2777 meum
383 2738 556 2791 peragerem,
574 2728 603 2776 et
615 2722 712 2777 multis
726 2723 839 2793 pietatis
854 2722 923 2777 insi-
964 2736 1030 2773 vero
1045 2727 1178 2774 consueto
1196 2722 1252 2774 tine
1267 2721 1371 2774 claudit
1387 2720 1539 2791 Epistolam
1556 2740 1561 2774 :
1581 2740 1593 2771 e
1611 2723 1764 2778 Gratiaru-

129 2825 242 2867 murem
259 2810 401 2881 dogmata.
419 2811 628 2880 quodetiamet
643 2811 740 2866 fecisse
755 2812 859 2867 videor.
874 2812 925 2867 «Et
967 2808 1109 2876 ibiscum,
1139 2826 1263 2864 amen.»
1292 2810 1325 2867 In
1353 2810 1410 2864 tine
1434 2817 1568 2873 consueta
1594 2813 1763 2873 saluatione

134 2920 148 2947 a
161 2898 283 2961 liberavit
296 2916 342 2954 me
356 2898 492 2953 Dominus
504 2898 540 2952 ab
556 2899 632 2953 omni
643 2917 726 2970 opere
742 2900 923 2966 ruuio,etsal-
965 2898 1052 2954 ctiam
1065 2897 1188 2969 seipsum
1203 2898 1376 2961 illiaoeusuit
1384 2900 1655 2962 connumerandum.
1757 2966 1760 2971 ¹

288 3173 555 3305 traua
612 3173 1100 3307 vicesimus
1163 3124 1598 3332 oriturus,

442 3461 723 3539 EXPOSITIO
748 3461 807 3537 IN
832 3400 1133 3541 EPlSTOLAM
1159 3465 1234 3540 AD
1257 3465 1443 3542 TITUM·

391 3709 654 3765 ARGUMENTUM.
931 3706 1089 3776 capreola
1098 3722 1182 3776 <quam
1196 3706 1233 3762 ad
1242 3706 1336 3761 Titum
1350 3705 1500 3772 direxerat,
1518 3707 1713 3778 compendiosa
1726 3709 1761 3763 de

175 3793 264 3857 lenus
278 3799 430 3868 Apostolus
440 3799 552 3853 Cretam
567 3797 702 3852 amedeus
716 3797 828 3866 pietatis
839 3797 924 3851 ratio·
964 3794 1094 3851 omnibus
1109 3794 1407 3865 riausestexplieasse.
1422 3796 1551 3866 Epistol-e
1571 3795 1703 3866 equidem
1713 3813 1761 3851 ar-

150 3894 197 3938 tem
210 3886 261 3945 illis
275 3887 323 3958 qui
337 3887 394 3941 illic
407 3887 572 3943 habitabant
582 3885 716 3941 tradidit:
733 3885 801 3955 quia
814 3902 878 3940 roro
888 3886 923 3939 ad
964 3889 1130 3953 gementum
1142 3883 1171 3937 in
1186 3883 1230 3937 his
1244 3883 1381 3938 consistit.
1391 3884 1520 3953 ligerem
1535 3884 1761 3955 pradicationem

151 3967 366 4046 simpronianus·
393 3977 514 4032 transire
541 3993 606 4031 eum
627 3976 689 4045 ipsa
710 3974 823 4044 pietatis
850 3974 923 4029 ratio
964 3973 1000 4027 de
1013 3972 1133 4042 singulis
1156 3970 1295 4041 arripiens
1317 3972 1514 4042 compendiose
1543 3990 1605 4027 eam
1623 3975 1761 4045 explicare

151 4064 753 4135 tompedebatutunirersoaperdirersaloeo
764 4063 923 4118 habitantes
964 4061 1077 4120 adnitar
1088 4060 1335 4130 :merissiquidem
1349 4061 1439 4117 nostri
1458 4068 1510 4126 aet,
1520 4066 1617 4118 utnon
1634 4062 1761 4123 absolute

152 4144 238 4212 pluam
249 4154 405 4212 instrueret
426 4154 574 4218 rationem,
596 4154 708 4209 beatum
722 4152 816 4207 Titum
833 4153 922 4207 Cretae
964 4149 1761 4221 prolongemuenarratiouemquaudesufficienteraanaus

152 4236 249 4310 reliquit,
264 4243 348 4297 sicuti
375 4250 405 4299 et
428 4244 607 4298 Timotheum
627 4243 740 4313 Ephesi,
757 4258 922 4311 praeponens
966 4240 1089 4297 veritatis
1102 4240 1132 4297 iu
1147 4239 1355 4310 paucispoterit
1368 4239 1510 4310 explicari.

153 4336 198 4386 tlh
209 4330 259 4385 illis
282 4331 408 4387 ecclesiis
429 4349 492 4401 quae
510 4332 566 4387 illic
582 4338 671 4386 erant.
688 4330 790 4385 Scribit
806 4346 874 4400 ergo
888 4329 923 4383 ad
1168 4329 1277 4385 ALIUD
1291 4329 1556 4385 ARGUMENTUM.

153 4418 921 4489 tuamtcompendiosedicam,deordinationetacienda‚
1247 4419 1477 4483 Erllr'arenpmo.

152 4494 341 4567 btmeuseum
348 4509 585 4578 quemadmodum
595 4507 922 4577 mnraniatipsaslaeere
1001 4507 1078 4565 Licet
1087 4522 1144 4563 non
1162 4506 1218 4562 siut
1232 4506 1310 4577 digni
1325 4505 1390 4567 fide,
1406 4506 1454 4575 qui
1467 4505 1553 4559 tidem
1568 4504 1760 4576 primamirri·

153 4589 422 4659 ordt'ltotiorieiusimul
431 4604 458 4651 et
468 4597 627 4653 ducatoris
638 4596 923 4653 ermribuseonsilium
965 4602 1023 4651 tam
1040 4597 1175 4660 iecerunt,
1200 4594 1370 4650 ltarrionem
1397 4594 1498 4663 loquor
1512 4599 1541 4647 et
1555 4593 1714 4658 basilidem,
1731 4603 1762 4649 at

153 4676 383 4748 obtruderem·
392 4687 510 4756 qualiter
519 4687 556 4742 de
569 4685 687 4756 singulis
698 4702 783 4755 agere
796 4690 924 4756 oporteat
963 4700 1062 4743 omues
1081 4683 1226 4740 haereticos
1241 4682 1289 4753 qui
1304 4683 1392 4737 Vetus
1407 4681 1516 4737 laniant
1537 4682 1758 4751 Testamentum,

153 4773 384 4836 ‘redimeretur
393 4784 599 4831 veroeteorum
613 4775 661 4845 qui
670 4792 704 4829 ex
712 4774 923 4832 circumcisione
963 4779 1060 4827 tamen
1072 4771 1760 4842 eosaliquaexpartefarramus,sisaltarninlloro

153 4863 307 4927 lffllhuwti
324 4871 354 4919 et
367 4864 397 4921 iu
411 4864 536 4933 Epistola
551 4871 725 4919 memoratus
738 4870 781 4918 est
793 4864 924 4932 quemad
964 4862 1246 4918 mutinarantmauus
1256 4877 1333 4925 suas,
1343 4866 1372 4915 et
1390 4875 1447 4915 non
1460 4860 1761 4921 interestmissione

154 4937 305 5009 l‘bellicum
334 4953 472 5023 imprimis
494 4953 654 5022 scripserat,
673 4953 852 5008 veliementer
878 4952 923 5007 in·
964 4950 1162 5020 ipsijoctitaut,
1175 4949 1240 5005 boni
1260 4948 1757 5019 DaiFiliirolarangelistaauiolare,

154 5035 239 5095 Quas
251 5058 327 5105 eum,
339 5047 371 5098 ut
383 5059 419 5098 ne
435 5042 501 5111 quid
515 5042 613 5111 pietati
626 5041 798 5097 centrarium
808 5029 956 5110 autipseD
966 5039 1007 5092 vel
1023 5040 1172 5109 apostolos.
1189 5040 1270 5094 Nunc
1283 5038 1359 5093 enim
1375 5055 1440 5094 eum
1454 5038 1761 5107 Evangeliaejuadiasi-

154 5117 247 5193 dtlorsot,
263 5136 315 5185 aut
332 5130 403 5187 ulios
430 5136 574 5199 pateretur
594 5130 734 5183 decentes.
755 5129 882 5199 Denique
896 5135 925 5183 at
965 5128 1101 5199 paverint.
1113 5128 1339 5197 etapoatolorum
1350 5127 1553 5198 Epistolasnon
1568 5126 1761 5196 apostolorum

154 5213 473 5276 manumittendum
488 5220 546 5274 hare
554 5218 679 5290 Epistola
686 5219 720 5273 ad
732 5219 809 5273 illam
816 5218 925 5272 videtur
966 5217 1071 5273 Gluisti
1079 5216 1195 5273 iecerint
1206 5233 1275 5277 esse,
1296 5217 1346 5272 sad
1364 5216 1501 5287 proprias,
1521 5215 1608 5270 miror
1621 5217 1762 5286 quemodo

154 5291 231 5359 h*bere
245 5307 409 5377 Epistolam.
426 5309 498 5362 Nam
511 5314 539 5361 et
552 5324 610 5362 uuo
625 5323 710 5365 caussa
723 5312 793 5370 erat,
805 5323 855 5376 pro
870 5322 926 5376 qua
966 5305 1019 5361 sibi
1028 5305 1250 5361 Christirumrum
1260 5321 1364 5361 nomeu
1377 5304 1502 5361 audeant
1519 5303 1670 5359 vindicato.
1682 5306 1763 5360 Naue

152 5393 209 5449 aad
221 5395 306 5451 mum
314 5403 345 5453 et
359 5397 483 5453 edilium
498 5396 646 5453 scribebat.
663 5396 780 5451 Dill'erra
792 5412 858 5449 vero
873 5395 926 5449 sihi
967 5410 1099 5449 verorum
1110 5393 1640 5463 haretioaauctoritateproountientet
1648 5392 1761 5448 dicant:

151 5472 400 5548 butolavidentur
413 5486 467 5542 hac
490 5486 551 5541 sola
573 5485 693 5545 ratione.
710 5502 765 5554 qua
779 5484 926 5541 Timotheo
967 5483 1153 5554 theopistus
1162 5481 1242 5540 Pauli
1252 5488 1305 5544 est,
1327 5483 1386 5538 hae
1401 5499 1457 5537 nou
1473 5487 1533 5549 θεῖς
1549 5499 1584 5539 aa
1596 5482 1762 5543 auctoritate

148 5563 214 5635 lta
233 5575 386 5637 amanus
400 5573 718 5645 deomabussertpm
740 5574 770 5631 iu
795 5574 848 5631 hae
862 5590 927 5637 roro
967 5573 1057 5632 rotali
1071 5590 1101 5629 se
1111 5589 1162 5644 pm
1176 5572 1293 5630 raritate
1303 5571 1472 5643 intelligant,
1489 5589 1545 5644 qua
1557 5572 1612 5644 ipsi
1625 5587 1683 5628 noa
1695 5586 1762 5625 ara-
