3772 6120
145 228 434 291 menatenam
451 232 492 290 IN
510 232 587 290 ΕΡΡ.
608 232 716 291 PAULI
734 233 804 290 LIB.
826 233 923 293 XXIX.
936 265 968 274 -
983 236 1022 293 lN
1042 237 1155 295 urls‘r.
1180 240 1230 297 AD
1249 240 1356 297 HEBR.
1519 243 1571 301 806

99 362 211 429 wunt
220 357 467 429 magenciacum
476 358 528 430 ipsi
537 360 606 413 alios
617 361 761 421 suscita-A
773 376 870 431 passer
897 361 1039 417 solitarius
1058 363 1087 421 in
1109 368 1183 417 tecto
1211 366 1290 427 [Paul.
1305 370 1350 429 cr).
1382 365 1486 438 [ioan]
1510 367 1571 421 Duo

99 444 198 501 liorem
209 447 440 501 resurrectionem
448 448 729 518 adipiscantur.rhlii
771 448 873 519 quippe
888 456 954 503 sunt
969 450 1105 505 miracula
1125 452 1198 514 fidei,
1217 451 1283 524 quia
1295 507 1299 515 ,
1310 460 1339 507 et
1366 453 1500 524 impetrat
1513 472 1572 510 ma-

99 532 190 591 bn’aet
203 534 317 589 verbera
332 535 446 605 experti,
456 537 609 607 insuperot
619 536 729 591 vincula
768 553 825 607 gna
839 543 868 591 et
878 537 984 607 patitur
999 557 1110 610 magna,
1123 546 1151 594 ot
1165 541 1235 593 nihil
1254 547 1366 613 reputat
1382 543 1450 613 pati.
1467 544 1502 597 Et
1515 561 1572 599 non

99 637 144 689 ως
159 622 275 697 lapidati
287 632 361 687 sunt,
375 623 441 676 sceti
458 630 533 691 sunt,
551 624 578 679 in
591 624 728 679 occisione
772 624 890 696 potestis
909 625 1010 693 dicere,
1046 628 1146 699 inquit,
1177 629 1244 699 quia
1267 637 1426 703 peccatores
1457 632 1571 702 quidam

99 711 161 767 rtui
177 718 252 766 sunt.
268 731 279 763 a
296 713 328 766 In
343 713 580 778 istisfaeitlinem,
592 714 656 783 quia
672 731 730 767 ina·
772 719 892 769 erantct
905 714 1005 771 intimi.
1024 716 1052 770 Si
1068 718 1143 771 enim
1158 734 1191 770 ex
1211 717 1265 772 alia
1278 725 1358 791 parte
1377 725 1469 773 totam
1492 737 1571 776 mun·

99 798 210 853 imiliari
220 800 405 856 similitudine
417 801 619 871 jungebantur,
630 811 657 854 ct
675 820 731 857 ma·
771 802 838 856 dum
849 819 1005 874 correptores,
1031 804 1092 858 illos
1107 805 1218 859 insanio
1234 806 1345 860 virtutis
1363 808 1485 878 pondere
1510 825 1570 862 mc-

106 887 163 945 iata
183 888 338 943 all'erchant
359 890 587 945 consolationem.
614 893 730 955 Quando
772 890 865 957 liores,
885 898 914 944 et
928 892 1063 947 trutinam
1090 895 1264 948 attrahentes
1293 900 1322 949 et
1351 896 1570 952 honorabiliores

99 977 229 1033 neodem
244 995 337 1044 causa,
348 980 390 1032 rel
405 979 433 1032 in
451 980 547 1032 eadem
560 981 688 1051 passione
697 998 730 1034 ac
771 980 850 1033 ratde
862 986 1003 1035 exstructas
1019 1000 1024 1035 :
1042 983 1109 1053 quid
1123 982 1210 1053 igitur
1226 989 1341 1054 possent
1357 985 1402 1038 hic
1426 986 1570 1057 reciperet

99 1065 343 1131 inattinsolatium
359 1085 392 1121 ex
406 1068 589 1125 similitudine
615 1085 728 1140 compa
771 1069 904 1135 (Ranaln
920 1069 973 1123 hoc
995 1070 1055 1124 loco
1070 1071 1171 1126 excitat
1198 1089 1296 1126 eorum
1311 1081 1444 1137 mentem,
1459 1081 1490 1128 ut
1513 1092 1569 1128 non

99 1153 136 1225 pit
151 1173 157 1206 ε
175 1155 299 1225 alioquin
314 1173 345 1210 ac
360 1156 383 1209 si
394 1157 648 1227 pejoromaliquam
663 1175 727 1230 pas·
770 1157 932 1211 adhaereant
939 1158 1132 1230 praesentibus,
1143 1161 1191 1215 sed
1200 1160 1463 1232 superiorasapiant
1470 1162 1569 1216 etemi-

99 1244 170 1307 assi
181 1261 237 1298 nou
253 1262 285 1299 ex
305 1245 402 1298 cadem
422 1262 506 1299 cansa
525 1253 587 1300 orta
601 1247 647 1312 sit,
659 1246 728 1300 nihil
770 1245 1041 1302 nentioraomnibus
1057 1264 1118 1319 qua¹
1142 1258 1209 1302 sunt
1231 1250 1260 1302 in
1285 1249 1337 1304 hac
1352 1251 1416 1315 rita,
1429 1249 1567 1322 siquidem

99 1336 217 1407 apterea
228 1332 314 1387 inlmc
321 1349 478 1387 sermonem
486 1350 567 1388 suum
577 1335 726 1400 concludit,
770 1334 861 1388 omnis
877 1336 1000 1390 arundus
1015 1344 1124 1390 nonest
1137 1336 1238 1408 dignus
1254 1338 1283 1392 in
1310 1355 1407 1392 coram
1422 1356 1567 1410 compara-

99 1420 201 1475 ninans
211 1428 239 1475 et
249 1422 533 1476 carceresetrcrbcra
546 1428 574 1477 et
584 1424 729 1494 lapidatio·
770 1423 857 1476 tione.
874 1422 945 1487 Quid
964 1423 1053 1495 igitur
1066 1425 1107 1478 ris
1122 1424 1150 1479 in
1166 1426 1217 1478 hac
1232 1426 1288 1480 rita
1303 1427 1444 1497 recipcre!
1462 1428 1568 1498 injuria

99 1510 341 1579 nnmsignilicans
362 1517 390 1564 et
404 1511 577 1565 Zachariam.
598 1512 728 1584 Propter·
769 1510 872 1582 quippe
892 1517 944 1576 est,
961 1511 983 1566 si
1010 1513 1038 1566 in
1057 1513 1109 1566 hac
1125 1513 1180 1567 rita
1193 1514 1348 1568 mercedem
1361 1515 1486 1586 recipias.
1504 1517 1567 1570 Non

99 1613 138 1663 ἧι
153 1597 326 1652 inoccisione
336 1598 616 1670 gladilmortuisunt.
635 1602 725 1666 »Quid
735 1636 757 1694 B
769 1598 864 1670 itaquo
885 1601 1030 1654 saecularia
1044 1602 1196 1672 sapiamus,
1214 1604 1389 1675 nequeenim
1401 1605 1430 1657 in
1445 1604 1497 1658 hac
1512 1605 1568 1658 rita

99 1686 205 1758 puidam
224 1689 416 1755 etlugarerunt
435 1706 484 1741 ora
492 1690 660 1758 gladiorum,
679 1691 727 1745 alii
770 1705 928 1759 quaeramus
943 1689 1202 1761 reciprocationem,
1219 1692 1348 1763 nequein
1364 1694 1568 1747 tantumsimus

99 1774 184 1831 isione
212 1776 298 1846 gladii
318 1777 489 1831 (lolccerunt.
507 1777 579 1841 Quid
594 1785 637 1832 est
651 1780 727 1834 hoc?
770 1793 915 1848 pauperes.
929 1778 958 1832 si
967 1794 1042 1832 enim
1049 1779 1140 1833 omnis
1148 1781 1270 1835 mundus
1282 1798 1337 1835 non
1348 1788 1390 1835 est
1398 1782 1500 1852 dignus
1516 1782 1566 1849 eia,

99 1863 230 1929 alaudas,
247 1865 314 1936 quid
325 1865 472 1920 admiraris
486 1867 498 1918 i
514 1867 567 1921 hoc
585 1884 621 1921 an
632 1867 701 1923 illud
715 1869 728 1920 t
768 1881 818 1919 cur
827 1875 936 1936 partem
946 1866 1070 1939 aliquam
1082 1868 1184 1938 quaeris
1193 1869 1351 1923 ‘lEtmerito
1360 1870 1452 1935 3amici
1464 1871 1567 1943 quippe

99 1993 119 2007 ..
136 1972 143 2006 ι
161 1954 213 2007 hoc
227 1954 338 2026 quidem
350 1954 425 2009 volus
433 1955 576 2025 proximus
591 1961 641 2021 cst,
655 1956 723 2010 illud
765 1955 1035 2010 surrtDei.hlundunr
1047 1955 1196 2010 inhocloco
1207 1961 1256 2010 aut
1262 1958 1470 2013 multitudinem
1479 1959 1568 2013 homi·

99 2040 167 2097 abile
175 2048 226 2106 est,
235 2043 334 2114 quiaet
344 2043 416 2097 circa
426 2044 516 2115 ipsam
527 2051 646 2098 mortem
657 2062 725 2116 prio-
766 2060 835 2097 num
849 2043 925 2110 dicit,
943 2051 992 2099 aut
1017 2045 1107 2115 ipsam
1137 2051 1306 2111 creaturam,
1323 2052 1373 2100 aut
1388 2054 1538 2119 utrumque
1557 2067 1561 2100 :

99 2136 127 2186 at
138 2136 223 2203 typus
241 2132 410 2186 suturarum.
433 2153 444 2183 a
466 2133 673 2189 Circumierunt
695 2135 726 2189 in
769 2132 840 2187 solet
853 2133 929 2187 enim
945 2132 1098 2204 Scriptura,
1116 2138 1235 2205 utraque
1252 2135 1387 2188 mundum
1412 2135 1563 2207 appellare.

101 2219 221 2291 pellibus
232 2220 362 2290 caprinis.
377 2242 387 2269 ι
404 2222 520 2292 Semper
535 2222 659 2291 quidem,
671 2240 728 2276 ma·
769 2220 797 2275 Si
812 2226 912 2275 cuncta
925 2228 1063 2284 creatura,
1081 2221 1180 2292 inquit,
1198 2239 1261 2276 cum
1285 2222 1414 2278 omnibus
1440 2223 1563 2278 homini-

99 2326 106 2363 ι
119 2325 183 2364 cum
199 2318 358 2365 sanctorum
375 2309 497 2378 recogito
513 2310 629 2364 virtutes
643 2318 671 2365 et
685 2329 727 2366 re·
768 2307 819 2362 bus
833 2310 1027 2378 constituatur,
1043 2311 1224 2380 nunquamin
1239 2311 1449 2382 comparatione
1463 2312 1565 2367 horum

99 2398 373 2469 iperu1n,tuncmihi
389 2398 635 2469 subitdcsperatio
655 2400 723 2453 mei:
767 2398 949 2468 dignaesset.
976 2399 1011 2452 Et
1034 2399 1143 2452 merito.
1159 2399 1237 2453 Sicut
1261 2399 1336 2453 enim
1364 2399 1459 2454 decem
1474 2399 1565 2453 millia

99 2485 283 2540 relinsonmis
291 2486 513 2556 experimentum
522 2487 673 2558 accipimus
680 2487 726 2541 bo·
766 2487 890 2557 pondera
905 2487 1048 2558 palearum
1064 2487 1106 2540 rel
1124 2487 1180 2540 seni
1200 2487 1409 2558 comparatione
1429 2488 1564 2558 margari-

99 2573 155 2627 eilli
166 2592 216 2646 per
225 2582 314 2628 totum
326 2582 436 2645 tempus
448 2575 510 2628 ritae
522 2593 578 2628 suae
588 2576 725 2645 gerebant
766 2582 858 2628 tarum
874 2575 960 2645 digna
974 2591 1030 2629 non
1040 2582 1115 2641 sunt,
1132 2575 1170 2629 sic
1186 2592 1276 2645 neque
1289 2575 1340 2628 illi.
1352 2575 1450 2630 Mehor
1459 2575 1560 2648 inquit,

101 2663 724 2736 propeccatisluebantsapplicia,sodsemper
766 2681 838 2718 unus
862 2664 965 2718 saeuiens
995 2664 1167 2718 voluntatem
1187 2663 1248 2729 Dei,
1264 2665 1459 2735 quamdccem
1475 2665 1564 2719 millia
1639 2680 1646 2692 ⁸

99 2753 721 2824 uemprolicientesetsempertrilaniabantur.
765 2751 864 2822 iniqui.
878 2752 979 2807 Decem
994 2752 1083 2806 millia
1095 2752 1171 2806 enim
1195 2753 1394 2823 nonplurimos
1418 2753 1496 2818 dixit,
1515 2753 1563 2808 sed

99 2840 191 2913 puippe
204 2841 273 2894 mihi
281 2841 375 2894 ridear
386 2841 484 2904 Eliam,
497 2842 621 2912 adquam
631 2858 722 2895 sermo
765 2840 974 2894 multitudinem
984 2840 1134 2895 infinitam.
1145 2840 1281 2912 Intelligc‚
1299 2845 1436 2912 quantum
1450 2846 1493 2895 est
1503 2842 1563 2912 jus-

99 2930 251 3001 epeia-anit
265 2930 370 3001 :ipsum
387 2930 490 3001 quippe
502 2931 529 2983 in
546 2931 595 2984 hoc
605 2931 750 3006 locatio-G
764 2937 819 2984 tus.
835 2929 910 2985 Dixit
922 2930 1004 2983 lesus
1018 2930 1095 2984 Nave
1111 2948 1116 2982 :
1139 2951 1150 2977 ιι
1164 2929 1226 2984 Stet
1240 2929 1281 2983 sol
1300 2929 1374 2983 circa
1392 2929 1506 2984 Gabaon
1535 2936 1563 2985 et

99 3017 181 3091 iipso
205 3018 337 3072 desinunt
349 3020 494 3088 exempla:
514 3018 587 3090 quod
603 3025 664 3071 erat
676 3019 718 3071 fa·
759 3019 827 3071 luna
847 3018 952 3073 circum
969 3018 1068 3071 vallem
1088 3018 1157 3073 Eion
1174 3036 1179 3070 :
1194 3026 1223 3072 et
1237 3017 1341 3073 sactum
1354 3024 1398 3072 est
1411 3020 1474 3087 (los.
1487 3022 1524 3089 x).
1545 3043 1557 3071 ν

99 3122 163 3161 rum
174 3107 361 3179 etproprium.
377 3108 479 3161 Etcum
487 3107 602 3160 dixisset
612 3124 645 3161 ca
657 3124 718 3178 qna
759 3106 861 3160 Veniat
874 3106 962 3176 igitur
974 3107 1065 3161 omnis
1081 3107 1211 3173 mundus,
1230 3107 1320 3179 magis
1335 3113 1430 3162 autem
1441 3107 1496 3161 duo
1512 3114 1562 3163 aut

99 3194 145 3249 dos
158 3202 239 3264 gesta
253 3205 327 3259 sunt,
345 3197 411 3266 quia
424 3196 453 3250 in
482 3196 618 3249 occisione
631 3195 718 3265 gladii
760 3201 826 3259 tres,
846 3202 896 3248 aut
910 3201 1031 3265 quatuor
1045 3202 1074 3248 ct
1091 3196 1187 3249 decem
1203 3202 1232 3249 et
1259 3195 1356 3267 viginti
1372 3195 1466 3249 dicant
1480 3195 1561 3249 etl-

99 3288 116 3347 t,
130 3283 250 3354 lapidati
264 3291 338 3349 sunt,
354 3292 418 3349 etc,
436 3284 555 3339 recurrit
569 3285 602 3336 ad
631 3285 718 3338 Etiam
760 3283 835 3337 ciant
849 3284 910 3349 hoc,
922 3284 970 3337 sed
980 3300 1037 3338 non
1048 3291 1181 3354 poterunt
1197 3302 1202 3335 :
1219 3284 1326 3338 amicus
1341 3301 1405 3338 vero
1416 3284 1467 3338 Dei
1481 3301 1559 3338 crea·

99 3388 195 3442 passus
211 3379 262 3426 est.
277 3373 414 3427 Fortassis
433 3373 718 3444 cnimquianecdum
759 3372 830 3427 turis
844 3372 926 3426 amici
941 3372 983 3426 sui
1011 3373 1181 3445 imperabat,
1198 3374 1288 3442 magis
1316 3378 1410 3427 autem
1438 3373 1560 3427 amicum

99 3467 223 3516 uanum
237 3462 396 3533 opinionem
413 3461 718 3528 trabebantmcritoox
760 3477 841 3514 suum
865 3459 1025 3532 postulabat
1048 3467 1077 3514 et
1102 3459 1268 3514 obedierunt
1295 3461 1377 3526 serni,
1392 3460 1489 3524 etille,
1511 3463 1559 3532 qui

101 3557 215 3621 amptus
228 3558 279 3615 est,
288 3568 449 3606 sermonem
456 3550 530 3605 facit.
541 3551 589 3621 qui
598 3552 718 3604 maxime
760 3557 821 3603 erat
834 3549 966 3602 deorsum
981 3548 1170 3619 superioribus
1185 3548 1351 3618 imperabat.
1366 3569 1377 3599 a
1390 3550 1422 3602 In
1433 3549 1560 3602 solitudi-

99 3638 290 3695 uirationeAEr
310 3641 361 3693 hoc
373 3657 439 3709 crgo
455 3639 548 3693 all'erri
563 3640 718 3693 orationem
762 3666 773 3687 ιι
790 3636 872 3691 nibus
887 3642 1022 3702 errantes,
1036 3642 1065 3689 ct
1075 3635 1216 3689 aientibus
1231 3642 1259 3689 et
1273 3635 1422 3705 speluncis,
1439 3636 1504 3690 etin
1514 3653 1559 3690 ca-

99 3728 133 3799 m]
142 3735 171 3782 et
180 3729 397 3783 consolationem
405 3729 499 3783 soluit.
514 3751 523 3778 i
537 3730 655 3798 Egcntes
670 3746 718 3783 an·
761 3743 774 3777 a
790 3725 882 3779 vernis
893 3731 984 3779 terrac.
1003 3744 1015 3775 a
1033 3726 1134 3792 (daim.)
1152 3725 1248 3794 Neque
1263 3723 1459 3778 vestimentum
1475 3724 1558 3778 habe-

99 3817 189 3884 fflicti,
201 3818 301 3889 quibus
314 3818 414 3888 (lignus
427 3834 483 3870 non
493 3823 553 3871 erat
564 3818 714 3872 mundus.»
759 3814 834 3881 bant,
848 3813 950 3884 inquit,
957 3813 1006 3867 sed
1013 3818 1074 3865 erat
1089 3811 1128 3865 eis
1144 3811 1274 3865 nimietas
1289 3811 1488 3878 tribulationis,
1496 3831 1553 3869 non
1636 3840 1642 3850 ¹

102 3905 205 3981 quibus
231 3907 487 3974 ctiamsrguraliter
518 3907 653 3960 llominus
681 3907 716 3960 ad
758 3903 909 3968 civitatem,
930 3918 986 3956 non
1010 3901 1135 3967 domum,
1152 3916 1207 3954 non
1234 3901 1440 3977 receptaculum
1476 3900 1557 3965 Quod

99 3994 428 4064 iauteinestquidimisit
438 4011 574 4065 onagrum
587 3994 714 4060 liberum,
758 3991 843 4044 etiarn
859 3989 987 4044 Christus
1001 3988 1119 4052 dicebat,
1137 4011 1150 4039 a
1167 3988 1300 4060 quoniam
1330 3989 1416 4043 Filius
1435 3989 1557 4045 hominis

99 4085 158 4157 ejus
171 4083 285 4137 resolvit
303 4084 315 4134 l
336 4083 433 4138 Posuit
453 4082 641 4136 habitaculum
655 4082 716 4152 ejus
757 4079 917 4140 nonhabet,
929 4078 976 4132 ubi
988 4084 1071 4151 caput
1085 4078 1210 4132 reclinet.
1230 4097 1242 4129 a
1259 4077 1332 4143 Quid
1346 4077 1417 4144 dico,
1434 4083 1557 4149 recepta·

99 4171 295 4228 ttabemacula
311 4174 372 4242 ejus
387 4173 567 4241 salsuginem.
593 4171 715 4224 Irridens
756 4168 911 4222 culurnnon
923 4165 1556 4239 habebant,necstarepermittebantur.Neque

99 4278 132 4317 :m
147 4261 267 4317 civitatis
293 4267 321 4315 ct
343 4261 485 4330 querelam
510 4257 645 4312 exactoris
662 4260 747 4317 nonD
758 4257 833 4309 emm
852 4256 1016 4310 velcumad
1027 4256 1102 4327 ipsas
1117 4256 1282 4310 solitudines
1303 4254 1460 4321 veniebant,
1474 4256 1554 4309 otiosi

110 4349 295 4407 consideravit
323 4358 432 4403 montes
459 4364 567 4418 pascuae
593 4363 659 4411 suae,
688 4352 717 4398 ct
758 4346 922 4399 erantNon
940 4345 1104 4411 enimdixit,
1135 4345 1166 4399 In
1185 4344 1384 4399 solitudinibus
1410 4343 1553 4408 sedebant,

99 4438 179 4494 ‚iride
194 4439 302 4510 querit.
319 4459 328 4487 o
349 4440 415 4502 tlob.
432 4450 544 4502 xxxin.)
554 4436 585 4488 ln
598 4435 716 4488 Psalmis
757 4434 898 4488 sedetiam
905 4433 1103 4504 ibisugiebant,
1115 4433 1214 4488 atinde
1223 4431 1447 4501 exagitabantur,
1460 4447 1554 4485 nonex

99 4528 268 4583 licaatuunc
278 4527 327 4597 qui
339 4525 475 4595 redempti
482 4530 571 4577 sunta
586 4522 713 4589 Domino,
758 4524 862 4576 mundo
872 4529 992 4587 tantum,
1010 4522 1154 4575 sedetiam
1171 4518 1438 4574 exinhabitabilibus
1451 4518 1550 4573 locis...

99 4617 124 4671 it
136 4617 171 4671 de
186 4633 271 4671 uranu
282 4615 388 4669 inimici
401 4619 607 4684 ;etpnstpauca
619 4631 646 4664 :c
664 4612 714 4667 Er·
757 4628 818 4683 quae
832 4610 870 4663 ibi
886 4610 1046 4664 factasunt.
1069 4609 1113 4663 Sic
1123 4615 1175 4673 est,
1186 4608 1286 4677 inquit,
1301 4623 1351 4659 nos
1360 4606 1474 4677 culpant
1488 4623 1553 4677 pro-

105 4706 266 4769 sulitudine,
275 4705 303 4759 in
314 4704 447 4768 siccitate,
460 4703 531 4756 siam
543 4701 716 4754 civitatisha-
757 4708 819 4771 pter
828 4699 986 4753 Christum:
1002 4697 1090 4751 Ellam
1104 4696 1201 4749 veroin
1215 4711 1270 4767 quo
1280 4699 1412 4767 poterant
1420 4695 1554 4767 culpare?

99 4795 314 4850 animenerunt.
327 4793 488 4848 Esar-iontes
499 4799 526 4844 et
536 4790 672 4853 sitientes,
687 4796 716 4843 ct
756 4786 1025 4858 Eragitabantillum
1034 4791 1063 4839 et
1070 4784 1298 4857 insequebantur,
1311 4788 1410 4836 etcum
1423 4783 1497 4837 farne
1504 4800 1554 4858 pu-

99 4900 125 4939 m
137 4883 168 4937 in
178 4882 364 4953 ipsisdcsecit.
373 4883 407 4936 Et
417 4882 607 4935 clamaverunt
617 4877 651 4931 ad
663 4878 715 4931 Do·
754 4893 842 4949 gnare
861 4876 999 4946 cogebant
1014 4895 1021 4928 :
1039 4873 1112 4947 ‹puod
1134 4872 1218 4927 etiam
1231 4872 1277 4926 isti
1288 4878 1354 4925 tunc
1365 4871 1551 4944 patiebantur.

99 4990 115 5026 n
142 4972 355 5033 tribularentur,
387 4976 414 5023 ct
438 4970 473 5022 dc
500 4966 715 5022 necessitatibus
759 4967 970 5021 aDecreverunt
979 4963 1091 5018 mittere
1100 4960 1271 5032 illis,inquit,
1284 4959 1441 5025 hetruseis
1452 4960 1554 5033 quitri-

99 5059 305 5129 avitoosusar.
318 5072 380 5122 usn.
400 5076 410 5106 i
434 5057 509 5119 Quos
525 5055 609 5107 ctiam
634 5055 712 5107 Jcre-
755 5053 924 5108 bulabantur
938 5052 1091 5124 discipulis.
1118 5049 1278 5104 Secundum
1302 5049 1376 5121 quod
1392 5048 1553 5105 facultatem

99 5149 193 5205 scribit
209 5168 238 5201 :a
258 5150 357 5203 Beatus
371 5147 416 5218 qui
433 5147 496 5200 tulit
508 5148 608 5216 jugum
632 5163 649 5199 a
665 5148 712 5216 ju·
755 5137 1408 5214 unusquisquehabebat,dchnivitunusquisque
1420 5135 1553 5196 eorumin

105 5256 111 5291 :
126 5238 236 5295 sedebit
244 5238 385 5294 solitarius
398 5243 427 5288 ct
440 5235 550 5295 tacebit,
563 5235 629 5305 quia
638 5237 713 5287 leva·
756 5231 943 5286 ministerium
953 5231 1065 5284 mittere
1075 5226 1299 5283 habitantibusin
1308 5223 1551 5282 Judaefratribus.»

99 5327 290 5397 (Tamiani).
309 5348 320 5377 ι
338 5326 447 5396 Quique
463 5324 530 5377 illud
557 5322 713 5377 psalmistae
755 5321 834 5387 Quod
854 5318 984 5374 etiamad
1000 5319 1068 5373 istos
1084 5315 1250 5388 pertinebat.
1265 5334 1277 5365 a
1290 5312 1402 5378 amicti,
1421 5330 1434 5365 a
1451 5313 1551 5385 inquit,

99 5431 157 5471 iere
171 5417 329 5471 concinunt.
361 5435 374 5466 a
401 5414 505 5467 Similis
538 5413 626 5466 tactus
651 5429 714 5465 sum
755 5419 784 5464 et
797 5411 870 5465 male
884 5407 1022 5481 patientes
1037 5407 1067 5459 in
1080 5404 1228 5461 itineribus
1243 5411 1270 5457 et
1290 5403 1319 5457 in
1334 5402 1474 5475 periculis.
1492 5421 1503 5453 a
1519 5404 1554 5458 Et

99 5504 222 5565 bladinis
238 5525 243 5557 :
261 5504 371 5575 rigilari
389 5510 416 5559 et
436 5506 525 5557 lactus
551 5518 614 5555 sum
642 5501 718 5557 sicut
757 5499 809 5555 chi
820 5513 917 5553 omnes
931 5494 1093 5550 testimonio
1112 5493 1178 5551 fidei
1189 5491 1300 5565 probati
1315 5508 1371 5547 nou
1386 5500 1554 5564 acceperunt
