3772 6120
116 278 190 342 1321
725 280 771 335 DE
790 278 892 334 MODO
912 277 1159 333 POENITENTIAE.
1687 278 1759 340 leta

117 406 369 479 liaminiquorum,
378 409 406 459 et
416 403 548 476 injuriam
555 403 739 476 superborum
751 404 915 473 humiliabo,
928 408 952 468 Α
964 422 1020 462 non
1032 405 1231 478 aspicientibus
1241 422 1302 479 qum
1312 406 1451 472 videntur,
1463 403 1512 460 scd
1523 421 1584 477 quta
1594 420 1651 463 non
1660 408 1757 468 viden-

118 501 150 552 et
166 502 251 551 erunt
266 496 314 568 qui
329 494 419 568 relicti
432 493 537 548 suerint
547 493 726 564 pretiosiores
738 494 827 565 magis
837 511 922 566 quarn
963 500 1022 550 tur:
1032 496 1318 567 quoecnimvidentur,
1327 494 1577 568 temporaliasunt;
1590 515 1652 569 qua
1662 505 1758 557 autem

117 602 224 642 aurum
234 585 295 640 sine
306 584 380 656 igne,
390 589 418 638 ct
428 584 512 638 homo
523 581 732 654 pretiosiorerit
739 583 827 654 magis
837 600 922 655 quam
962 601 1019 640 non
1028 585 1167 655 videntur,
1183 584 1593 655 aeternasuntllIOcr.1v,lll.
1608 605 1621 641 r
1638 587 1718 653 Quod
1733 590 1759 647 si

116 675 196 748 lapis
221 692 254 730 ex
282 674 405 747 saphiro,
423 673 523 727 coelum
547 671 623 727 enim
636 671 788 744 quatietur,
804 678 833 728 et
845 678 924 727 terra
963 673 1160 730 tribulationes
1169 676 1244 731 leves
1253 675 1376 749 appellat
1384 674 1488 730 Paulus
1498 679 1527 729 et
1539 674 1644 745 faciles,
1656 695 1707 750 pro
1726 696 1760 737 eo

119 763 283 821 movebitur
296 780 314 818 a
327 761 517 818 fundamentis
528 762 587 818 suis
600 767 716 834 propter
736 762 861 817 furorem
875 763 924 818 irae
966 764 1039 837 quod
1054 780 1109 819 non
1126 764 1162 820 ad
1176 765 1236 821 berc
1249 783 1311 838 quae
1321 765 1461 833 videntur,
1470 765 1519 820 aed
1529 765 1621 821 adilla
1632 783 1694 840 quae
1703 786 1761 829 nou

121 852 240 911 Domini
255 852 387 919 Sabaoth,
403 852 433 907 in
445 852 491 907 die
506 867 562 924 qua
576 851 769 923 supervenerit
777 850 855 906 furor
863 852 925 924 ejus
965 853 1095 909 videntur
1108 853 1285 925 aspiciamus,
1301 859 1407 926 quanto
1421 853 1512 925 magis
1525 854 1586 911 leve
1600 854 1651 910 tibi
1665 857 1721 913 erit
1734 864 1763 916 et

123 942 193 1013 (lea.
208 957 272 1010 xm,
294 943 331 1012 9).
353 942 419 997 »Et
439 941 543 997 iterum
566 940 656 995 dicit:
674 961 685 990 ι
701 940 841 996 Fenestrm
863 941 925 996 coeli
966 941 1045 997 tacite
1067 942 1196 999 desinere
1219 943 1253 999 ab
1273 943 1454 1016 impudicitia
1472 943 1644 1016 ponderibus
1660 945 1764 1004 soedml

122 1032 291 1106 aperientur
299 1036 329 1087 et
338 1030 524 1087 movebuntur
532 1030 926 1103 lundarncntaterraepertur-
966 1031 1064 1103 Neque
1079 1033 1154 1088 enim
1168 1050 1243 1089 nuuc
1258 1039 1286 1090 te
1298 1034 1334 1088 ad
1348 1033 1412 1088 illus
1426 1032 1536 1089 labores
1549 1033 1700 1092 invitamus
1714 1041 1765 1094 aut

122 1120 241 1178 batione
252 1120 464 1195 perturbabitur
472 1127 557 1187 terra,
570 1126 684 1192 stupore
703 1119 827 1192 stupebit
834 1125 923 1188 terra,
966 1120 1098 1192 pericula,
1116 1122 1211 1176 autad
1225 1123 1288 1177 illas
1301 1121 1506 1191 tribulationes,
1517 1129 1568 1179 aut
1580 1123 1617 1179 ad
1627 1125 1765 1198 quotidia-

122 1210 310 1267 inclinatione
319 1209 499 1266 inclinabitur
507 1216 585 1265 terra
594 1215 623 1264 et
632 1209 764 1265 inclinata
778 1215 830 1277 est,
848 1226 926 1264 com·
967 1226 1018 1265 nas
1034 1215 1149 1277 mortes,
1167 1227 1238 1281 quas
1252 1210 1371 1282 apostoli
1389 1209 1577 1281 perferebant,
1593 1212 1636 1268 vel
1650 1214 1686 1269 ed
1699 1230 1765 1286 per·

123 1298 253 1356 motione
268 1300 498 1367 commovebitur,
512 1298 586 1354 sicut
599 1298 693 1354 ebrius
709 1304 737 1354 et
755 1300 925 1370 crapulatus,
968 1300 1126 1355 secutiones
1154 1299 1225 1368 illas,
1257 1306 1307 1355 aut
1332 1298 1458 1368 verbam,
1489 1306 1539 1356 aut
1565 1302 1685 1373 vincula,
1716 1309 1767 1361 aut

123 1391 286 1446 excutietur
301 1390 373 1445 sicut
386 1405 534 1462 pomorum
554 1388 691 1456 custodia,
705 1393 782 1442 terra
795 1387 885 1454 cadet,
899 1393 929 1443 et
969 1407 1103 1458 carceres,
1116 1397 1166 1446 aut
1177 1391 1307 1446 adtotius
1320 1391 1418 1445 mundi
1428 1390 1582 1459 theatrum,
1591 1393 1765 1464 autsamem,

124 1495 185 1535 non
198 1478 304 1552 poterit
313 1479 468 1549 insurgere,
482 1477 600 1532 invaluit
613 1477 687 1532 enim
702 1493 787 1548 super
800 1493 861 1531 eam
873 1476 927 1532 ini·
969 1485 1019 1534 aut
1037 1480 1205 1548 nuditatem,
1230 1488 1281 1536 aut
1302 1481 1411 1553 vigilias
1429 1481 1542 1547 multas,
1570 1488 1620 1537 aut
1642 1483 1767 1554 pericula

125 1568 233 1641 quitus,
246 1568 396 1623 etinducet
406 1568 481 1622 Deus
491 1583 576 1639 super
590 1572 720 1621 umatum
732 1566 793 1620 coeli
803 1566 929 1621 inexcel·
970 1568 1113 1637 itinerum,
1130 1569 1277 1643 naufragia
1297 1570 1394 1639 rueris,
1411 1569 1535 1642 pericula
1553 1569 1707 1641 latronum,
1721 1590 1768 1647 pe-

125 1674 159 1715 ao
170 1674 288 1714 manum
298 1673 380 1713 suam
390 1657 420 1711 in
434 1657 479 1711 die
493 1656 551 1724 illa,
564 1660 592 1711 ct
604 1672 689 1727 super
703 1672 792 1727 regna
802 1660 886 1711 terrac
901 1659 931 1709 et
970 1658 1059 1712 ricula
1080 1676 1113 1713 ex
1133 1676 1246 1730 genere,
1269 1659 1394 1730 pericula
1414 1675 1446 1714 ex
1469 1659 1548 1714 salsis
1570 1659 1713 1731 tmuibus,
1728 1668 1769 1720 at·

127 1748 379 1821 congregationem
391 1747 452 1818 ejus
467 1753 552 1818 ponet
562 1746 590 1799 in
602 1745 728 1814 vinculis,
743 1750 772 1801 ct
784 1741 963 1801 concludetB
973 1764 1026 1818 que
1040 1747 1089 1801 illa
1103 1747 1198 1803 omnia
1214 1765 1274 1820 quae
1293 1749 1413 1820 apostoli
1432 1766 1537 1820 agones
1557 1748 1713 1823 desudant;
1729 1754 1771 1810 ni·

128 1836 336 1893 caminiacum
347 1836 563 1903 munitumllsa.
583 1851 654 1901 xxiv,
668 1834 722 1905 le).
741 1852 754 1888 a
771 1835 842 1890 Cum
865 1850 931 1905 crgo
972 1835 1012 1890 hil
1028 1835 1128 1890 horum
1151 1853 1226 1892 nunc
1250 1854 1268 1890 a
1290 1842 1318 1892 te
1342 1838 1492 1912 poscimus,
1507 1838 1556 1893 sed
1575 1839 1646 1896 illud
1659 1846 1772 1900 tantum

101 1942 111 1953 ·
128 1924 401 1999 haecagicoeperint,
418 1924 579 1996 pandentur
589 1927 651 1978 siue
662 1922 746 1978 dubio
761 1924 823 1978 coeli
833 1926 929 1995 portae,
973 1939 1114 1995 rogamus,
1126 1931 1166 1994 ut,
1179 1926 1343 1998 turpissima
1359 1927 1410 1981 lrac
1424 1927 1559 1982 servitute
1576 1927 1719 1999 derelicta,
1734 1931 1772 1989 ad

127 2014 190 2073 imo
210 2014 306 2088 potius
325 2015 417 2087 ipsum
438 2015 538 2069 coelum
562 2012 705 2068 auferetur
723 2029 739 2065 e
759 2013 850 2067 medio
872 2017 933 2067 tan·
974 2013 1096 2085 priorem
1111 2014 1576 2082 redenslibcrtatem,considcrans
1590 2032 1772 2093 poenamquae

129 2104 265 2177 quamsi
289 2102 463 2159 tabernaculi
488 2102 606 2173 alicujus
629 2102 755 2156 velamen
780 2101 931 2172 colligitur,
974 2102 1155 2175 subsequitur
1178 2103 1327 2170 luxuriam,
1352 2109 1381 2158 et
1401 2103 1523 2174 gloriam
1541 2120 1602 2177 quae
1624 2105 1772 2164 nnuubus
1823 2128 1830 2151 ¹

129 2192 242 2257 scilicet
255 2198 287 2249 ut
306 2200 452 2264 reparetur
473 2197 502 2247 et
523 2191 740 2246 transformetur
760 2190 789 2244 in
808 2189 932 2259 melius;
974 2191 1097 2263 reposita
1120 2198 1171 2247 est.
1192 2193 1264 2247 Nam
1287 2193 1311 2247 si
1335 2191 1449 2264 quidem
1470 2192 1517 2264 qui
1536 2195 1772 2251 resurrectionem

128 2286 202 2339 tunc
214 2300 281 2355 ergo
303 2282 399 2337 omnia
414 2288 506 2337 metus
526 2279 649 2348 habebit,
665 2280 751 2334 timor
773 2296 805 2334 ac
827 2283 934 2335 memor
974 2278 1098 2334 trituram
1111 2297 1168 2335 non
1182 2281 1309 2349 credunt,
1323 2281 1346 2336 si
1360 2281 1445 2336 vitam
1470 2297 1550 2336 suam
1572 2281 1727 2353 negligunt,
1743 2289 1773 2340 et

128 2371 264 2445 implebit
271 2372 403 2427 universa
414 2389 420 2438 ;
431 2376 499 2426 tunc
514 2370 601 2425 etiam
616 2370 691 2441 ipsos
706 2369 820 2440 angelos
835 2368 933 2422 sormi·
975 2367 1082 2422 nullum
1103 2367 1190 2424 futuri
1214 2368 1314 2440 judicii
1340 2368 1500 2440 concipiunt
1526 2374 1643 2437 metum,
1665 2370 1773 2427 nullam

127 2458 935 2535 dinequassabit,etnonsolumangclos,sedetthronoset
974 2456 1217 2526 compunctionem
1234 2457 1326 2513 cordis
1336 2458 1379 2512 sui
1389 2456 1502 2526 habent,
1512 2457 1583 2513 nihil
1593 2457 1697 2514 mirum
1708 2464 1771 2530 est;

127 2551 339 2608 dominationes
349 2558 378 2605 et
391 2549 565 2624 principatus
582 2554 611 2603 et
626 2552 780 2619 potestates
792 2546 863 2613 ciali,
881 2547 935 2601 hoc
974 2561 1025 2599 nos
1040 2562 1115 2610 vero,
1132 2546 1180 2618 qui
1196 2547 1284 2602 multo
1303 2546 1407 2603 certius
1420 2547 1566 2604 intuemur
1579 2548 1675 2605 lutura
1688 2565 1774 2622 quam

128 2641 209 2698 enim
222 2640 364 2696 indicatur
373 2640 403 2696 in
417 2656 450 2695 eo
464 2639 539 2712 quod
554 2638 624 2693 dicit
640 2656 645 2692 :
663 2656 675 2688 r
693 2637 729 2692 Et
741 2637 859 2691 virtutes
873 2636 935 2691 coeli
975 2634 1132 2706 prasentia,
1146 2641 1174 2692 et
1187 2640 1247 2691 tam
1260 2635 1409 2691 infeliciter
1415 2653 1500 2709 agere
1514 2643 1542 2693 et
1555 2643 1615 2694 tem
1629 2637 1775 2695 misereat

129 2725 935 2798 commovebuntur,conservienimauntcorumquijudi·
976 2725 1082 2780 nullam
1092 2725 1315 2780 recordationem
1325 2742 1424 2798 capere
1431 2725 1632 2797 judicii,sedin
1640 2727 1775 2785 ultimum

130 2818 218 2877 candi
230 2825 306 2888 sunt,
324 2823 353 2874 et
366 2818 428 2875 vitae
448 2818 533 2889 hujus
556 2816 675 2888 posituri
699 2815 876 2870 rationem·
894 2815 935 2871 Tu
976 2812 1104 2868 decidere
1123 2819 1324 2887 contemptum,
1344 2819 1475 2870 exuemae
1494 2815 1643 2872 dementia
1657 2820 1776 2885 estnec

131 2926 203 2967 vere
215 2908 287 2965 adde
299 2910 335 2963 ad
343 2909 401 2964 baec
412 2909 508 2963 omnia
517 2907 602 2962 etiam
614 2904 815 2978 suppliciorum
825 2904 936 2960 dolores
976 2907 1069 2975 potest
1081 2901 1188 2973 aliquid
1202 2903 1267 2960 huic
1281 2904 1355 2959 melo
1369 2904 1500 2973 conferri,
1515 2905 1539 2960 si
1556 2906 1702 2963 credentes
1715 2922 1773 2964 nou

132 3002 165 3056 ct
177 3014 235 3055 non
249 2999 341 3054 solum
354 2997 554 3063 confusionem,
574 3011 665 3067 neque
684 2995 770 3050 solius
791 2993 936 3049 dedecoris
976 2990 1153 3047 credentibus
1166 2992 1273 3048 similes
1283 2994 1371 3049 simus
1383 3012 1389 3049 :
1402 2994 1528 3066 quinimo
1536 2995 1565 3050 in
1575 2995 1631 3051 illis
1641 3011 1698 3052 non
1707 3012 1776 3070 pau7

131 3092 244 3154 notam,
255 3087 343 3142 sedet
358 3087 434 3141 illam
444 3103 516 3158 pone
525 3092 590 3140 ante
601 3085 696 3140 oculos
710 3082 794 3151 viam,
806 3098 863 3155 qua
876 3088 935 3138 tra-
944 3065 966 3128 C
976 3081 1002 3136 ci
1016 3081 1120 3151 reperti
1135 3087 1210 3148 sunt,
1228 3082 1276 3155 qui
1297 3082 1326 3138 iu
1345 3085 1398 3139 hac
1422 3084 1480 3139 vita
1501 3085 1602 3140 animae
1626 3072 1776 3143 virtutibus

131 3176 245 3233 liuntur
258 3176 387 3232 homines
401 3176 436 3230 ad
446 3175 549 3245 ignem,
562 3179 591 3229 et
606 3191 663 3245 qua
672 3173 870 3229 trabunturad
880 3189 937 3244 pte·
977 3173 1143 3227 floruerunt.
1153 3173 1259 3244 thuie
1268 3173 1348 3230 nobis
1358 3174 1412 3230 erit
1421 3177 1573 3244 excusatio,
1586 3177 1653 3250 quid
1671 3177 1775 3246 solatii,

132 3282 205 3335 uas;
220 3265 314 3338 cogita
320 3281 407 3321 saevos
417 3265 481 3319 illos
491 3263 680 3319 ethorrendos
689 3278 837 3334 poenarum
851 3261 935 3317 mini·
977 3261 1001 3316 si
1023 3261 1053 3317 in
1075 3261 1121 3316 die
1137 3261 1238 3332 judieii
1259 3262 1306 3318 isti
1331 3263 1411 3319 nobis
1432 3265 1623 3336 producantur
1634 3266 1671 3322 ad
1685 3283 1777 3325 exem·

131 3361 220 3423 auos,
236 3354 285 3427 qui
299 3359 458 3426 peccatores
473 3353 648 3427 praecipitant
662 3352 698 3406 ad
713 3350 891 3424 supplicium,
909 3355 937 3406 et
977 3351 1065 3423 plum,
1083 3367 1147 3405 cum
1162 3356 1299 3422 praterea
1312 3353 1438 3409 videmus
1453 3355 1603 3410 nonnullos
1621 3356 1777 3427 negotiato-

131 3444 190 3501 hec
202 3460 236 3500 eo
248 3450 375 3516 tempore
390 3460 445 3515 quo
467 3443 515 3498 alii
526 3443 574 3514 qui
586 3441 658 3496 bene
673 3445 793 3512 egerunt
806 3457 824 3495 a
839 3439 935 3496 claris-
977 3456 1041 3495 rum
1060 3438 1190 3494 incidisse
1210 3440 1367 3512 naufragia,
1392 3447 1421 3497 et
1440 3443 1600 3499 universam
1622 3444 1777 3517 perdidisse

132 3534 217 3591 amis
230 3534 337 3605 angelis
351 3539 380 3588 et
394 3531 591 3605 placidissimis
606 3531 765 3603 supportati
779 3536 845 3584 ante
864 3527 938 3600 regis
977 3525 1174 3595 substantiam,
1191 3544 1243 3583 nec
1264 3533 1359 3583 mmen
1382 3546 1433 3603 pro
1454 3530 1507 3586 lroc
1524 3530 1648 3602 dejectos
1661 3547 1733 3601 esse,
1748 3538 1778 3588 et

133 3624 236 3683 aeterni
250 3623 352 3679 solium
367 3623 487 3678 sublime
502 3621 612 3677 coronis
621 3621 718 3691 gloriae
732 3624 760 3675 ct
773 3616 938 3673 immertali-
979 3615 1125 3685 resedisse,
1142 3616 1190 3671 sed
1203 3633 1302 3673 rursus
1311 3635 1458 3691 aggressos
1470 3621 1599 3676 eamdem
1609 3620 1684 3677 viam
1692 3626 1778 3694 atquc

135 3713 191 3771 bas
205 3713 330 3786 praemiis
353 3716 548 3779 munerantur,
564 3717 592 3766 et
613 3711 673 3766 haec
692 3709 806 3780 quidem
825 3706 939 3781 propria
980 3703 1080 3759 eadem
1097 3706 1230 3761 exercitia
1251 3724 1406 3780 reparasse,
1429 3714 1458 3764 et
1480 3709 1521 3765 illi
1540 3710 1655 3783 quidem
1674 3709 1779 3768 damna

137 3808 224 3858 erunt
237 3802 291 3858 diei
305 3802 381 3857 illius
393 3807 422 3857 et
431 3801 531 3872 judicii
546 3799 690 3871 temporis.
980 3794 1039 3850 htec
1050 3810 1106 3848 non
1119 3794 1227 3850 desidia
1235 3796 1332 3865 animi,
1345 3798 1394 3852 sed
1409 3804 1556 3855 ventorum
1567 3797 1700 3855 violentia
1712 3815 1778 3873 per·

530 3946 535 3956 Ι
635 3944 664 3955 ..
923 3941 928 3951 ,
980 3884 1116 3939 tulerunt.
1128 3885 1185 3939 Nos
1195 3885 1319 3955 quicerti
1328 3903 1427 3941 sumus
1436 3887 1471 3942 de
1481 3889 1642 3943 sinererum
1652 3887 1779 3945 etmani·

138 3945 208 4003 Car.
226 3944 495 4013 lli-Desidere
506 3948 568 3998 crte
584 3945 690 4008 latitia,
707 3945 731 3995 el
747 3941 818 4042 quod
834 3943 939 3994 noaret
980 3973 1192 4029 festenovimus
1216 3974 1292 4047 quia,
1310 3974 1333 4029 si
1357 3976 1496 4044 volumus,
1518 3993 1609 4049 neque
1631 3977 1780 4050 naufragia

280 4052 304 4089 ω
315 4035 502 4104 wlnpal'a'l‘la
512 4047 631 4102 l'mm
647 4031 801 4084 ‘rilumlw'
980 4063 1090 4131 anima,
1101 4081 1192 4136 neque
1200 4064 1304 4120 damna
1312 4066 1469 4136 poterimus
1477 4068 1631 4137 incurrere,
1639 4069 1779 4143 quomode

176 4160 246 4226 Qua
280 4176 343 4213 vero
371 4158 493 4230 posthaec
521 4155 728 4227 subsequentur
757 4154 819 4225 quis
846 4170 939 4209 senno
979 4153 1291 4225 nonarvipimusdenuo
1299 4155 1544 4227 prioraexercitia,
1557 4164 1587 4215 et
1595 4160 1709 4232 negotia
1717 4175 1779 4233 quta

94 4230 101 4237 ⁸
141 4250 249 4325 poterit
263 4248 422 4319 explicaret
436 4264 497 4320 quea
520 4245 573 4301 erit
595 4245 731 4316 voluptas
751 4260 813 4316 qum
833 4243 939 4311 latitia,
982 4245 1157 4317 negligenter
1179 4245 1325 4300 amisimus
1345 4247 1531 4319 reparamus?
1553 4248 1603 4303 sed
1623 4248 1779 4319 jacebimus

141 4337 408 4403 maecumchristc,
418 4335 566 4391 ubianima
575 4334 611 4389 ad
620 4333 762 4406 propriam
771 4333 942 4404 generosita·
983 4335 1143 4407 resupiniet
1152 4334 1263 4390 desides
1273 4341 1409 4390 etmanus
1419 4336 1523 4391 otiosas
1532 4336 1780 4408 applicabimuead

141 4433 202 4486 tem
216 4443 347 4500 regressa
356 4443 420 4482 cum
430 4425 532 4480 fiducia
544 4425 603 4495 jam
618 4423 733 4495 coeperit
742 4423 836 4478 videre
845 4394 974 4477 Dorni-D
983 4430 1091 4497 pectuS,
1103 4429 1132 4479 et
1143 4424 1253 4479 utinam
1269 4424 1372 4480 otiosas
1383 4430 1413 4478 ct
1422 4441 1477 4479 non
1491 4431 1640 4496 operantes
1649 4425 1679 4481 iu
1687 4425 1780 4497 perni-

140 4515 529 4591 uumsuumlssxplicarinon
539 4512 714 4585 potcstillius
723 4511 826 4567 laetitim
836 4511 943 4583 magni·
983 4514 1055 4569 ciern
1067 4518 1202 4580 nostram,
1218 4513 1292 4583 quod
1315 4520 1359 4567 est
1372 4514 1468 4584 utique
1482 4514 1638 4570 evidentius
1651 4514 1779 4586 insania,

141 4608 222 4675 mdo,
238 4622 295 4661 non
310 4605 384 4661 enirn
401 4605 492 4660 solum
507 4620 558 4675 pro
573 4602 617 4657 his
628 4603 749 4657 exsultat
767 4601 869 4674 quibus
882 4618 943 4674 per·
983 4603 1059 4658 velut
1073 4604 1097 4656 si
1111 4602 1174 4674 quis
1190 4601 1265 4656 verbi
1281 4602 1375 4673 gratia
1390 4602 1508 4657 istorum
1523 4603 1781 4676 adverseriofferle

139 4696 286 4753 fruiturin
297 4695 438 4768 praesenti,
449 4695 498 4749 sed
513 4694 602 4749 multo
613 4693 703 4763 magis
719 4709 768 4763 pro
782 4708 815 4746 eo
825 4691 939 4762 gaudet,
979 4692 1147 4763 adversarii]
1158 4693 1280 4748 insnum
1294 4697 1379 4763 caput
1388 4708 1489 4748 manus
1499 4699 1651 4761 convertat,
1660 4700 1690 4750 et
1699 4712 1781 4753 suam

139 4786 218 4861 quod
231 4785 369 4842 bonorum
383 4801 498 4840 suorum
509 4783 562 4838 scit
577 4783 686 4838 nullum
700 4783 786 4836 srncrn
803 4780 941 4836 futurum.
984 4782 1117 4838 cervicem
1140 4782 1259 4849 caedens,
1283 4781 1387 4853 repulit
1405 4798 1456 4837 nos
1478 4782 1605 4839 diabolus
1630 4789 1659 4840 et
1681 4785 1779 4854 elisit;

140 4876 244 4943 Quam
260 4891 327 4947 erge
338 4880 377 4941 te,
392 4891 427 4929 ne
442 4879 654 4928 contemnamus
668 4876 776 4926 tantam
791 4869 943 4925 beatitudi·
984 4876 1096 4944 oportet
1113 4871 1208 4943 itaque
1228 4887 1385 4942 resurgere,
1405 4876 1435 4925 ct
1460 4887 1558 4926 rursus
1586 4876 1663 4928 stare
1683 4878 1783 4929 cenna

141 4982 219 5033 nem,
230 4981 323 5038 neque
334 4964 510 5036 negligamus
520 4961 674 5035 pretiosum
683 4961 758 5015 hunc
767 4960 942 5026 thesaurum,
984 4977 1059 5029 eum,
1073 4977 1138 5016 nam
1153 4960 1177 5015 si
1196 4961 1283 5015 semel
1302 4960 1428 5030 dejectus
1448 4961 1611 5016 nouaclum
1629 4978 1686 5018 uon
1705 4961 1746 5018 vis
1763 4977 1782 5018 a

141 5055 193 5129 qui
205 5055 283 5110 intra
296 5070 348 5109 nos
362 5058 414 5121 est,
424 5053 546 5107 araxime
562 5068 626 5106 cum
640 5051 729 5105 facilis
743 5049 822 5105 nobis
836 5049 943 5105 reditus
984 5056 1062 5106 terra
1071 5067 1226 5121 resurgere,
1239 5049 1288 5105 sed
1303 5055 1332 5104 et
1344 5048 1464 5121 teipsum
1477 5049 1628 5121 praecipitio
1641 5051 1718 5119 dare,
1729 5052 1782 5108 boc

142 5161 205 5218 esse
217 5143 309 5217 possit
318 5149 347 5199 et
361 5159 447 5215 parvo
470 5142 565 5196 labore
585 5140 710 5213 reparari
725 5139 825 5195 anima
839 5139 942 5207 decus,
985 5147 1029 5197 est
1039 5140 1146 5213 juvisse
1158 5139 1318 5195 adversario
1332 5143 1361 5194 et
1372 5138 1499 5211 partibus
1513 5140 1575 5210 ejus
1587 5137 1695 5196 tamese.

143 5232 193 5291 abi
207 5234 285 5291 euim
299 5250 378 5305 spem
391 5233 552 5288 futurorum
567 5230 736 5302 conceperis
753 5229 849 5285 statim
872 5228 946 5283 redit

144 5323 242 5379 anima
261 5323 298 5378 ad
312 5322 551 5395 pulchritudinem
571 5336 666 5375 suam:
682 5319 722 5373 ait
742 5318 817 5373 enim
841 5318 945 5372 Paulus

144 5412 290 5485 apostolus
308 5431 314 5466 :
331 5430 345 5466 c
359 5413 432 5467 Nam
446 5411 521 5484 quod
536 5411 565 5464 in
580 5408 711 5481 praesenti
726 5413 776 5473 est,
792 5412 947 5460 momenta·
1022 5409 1095 5464 Nam
1108 5414 1137 5463 et
1151 5408 1250 5462 beatus
1263 5406 1360 5475 David,
1378 5407 1412 5462 de
1435 5423 1490 5479 quo
1503 5407 1598 5479 aliqua
1613 5408 1674 5480 jam
1696 5426 1784 5484 supra

145 5518 232 5575 neum
250 5507 280 5557 et
302 5501 362 5556 leve
384 5499 575 5557 tribulationis
595 5504 707 5565 nostres,
721 5512 806 5567 supra
831 5495 947 5550 medum
963 5482 970 5501 “
987 5497 1277 5564 commemoravimus,
1293 5496 1394 5552 cecidit
1416 5497 1488 5553 torte
1512 5499 1611 5554 eedem
1632 5516 1699 5556 cusu
1727 5519 1784 5575 quo

146 5590 318 5648 immensum
328 5595 439 5647 aeoernae
448 5590 557 5662 pondus
566 5588 662 5660 gloriae
673 5591 806 5660 operatur
822 5585 852 5641 in
867 5584 948 5643 nebia
988 5592 1016 5642 et
1030 5592 1061 5642 tu
1076 5602 1160 5655 nunc,
1177 5592 1206 5644 et
1223 5602 1280 5642 non
1295 5586 1388 5643 selum
1404 5586 1466 5655 hoc,
1482 5588 1531 5645 sed
1544 5595 1573 5646 et
1586 5589 1664 5647 aliud
1675 5591 1785 5648 addidit

337 5691 471 5752 Parnon.
486 5689 575 5751 Gllll.
1586 5687 1625 5752 ta

1021 5283 1086 5338 Cir.
1102 5283 1212 5337 xv1.-
1221 5284 1256 5338 lle
1267 5286 1347 5353 lapsa
1361 5283 1450 5336 Dauid
1463 5287 1488 5337 ct
1499 5284 1662 5352 punitentia
1676 5286 1744 5354 ejus.
