3772 6120
61 103 133 164 1473
573 108 620 165 oa
639 108 724 166 vrrs
743 111 775 164 a.
795 92 922 164 usam
941 106 1185 164 usonmmm
1634 115 1704 173 ιιιι

60 247 113 286 cur
127 232 220 299 lieret,
229 232 273 288 vel
280 248 364 305 quem
375 235 649 305 quaereret,naturali
657 252 735 290 more
741 236 892 295 multumt
902 250 966 288 cum
977 236 1106 289 mortuis.
1124 234 1197 299 Quin
1208 234 1312 305 potius,
1322 240 1409 306 tange
1423 219 1470 290 me
1480 236 1559 308 prius
1566 239 1702 310 amplexi·

59 320 233 386 amantium,
247 320 296 392 qui
306 321 380 392 quod
395 322 447 392 ipsi
458 330 556 378 amant
570 324 705 394 cogitant,
720 326 862 380 neminem
904 323 955 377 bus
979 324 1079 391 cordis,
1097 324 1216 378 tirmiter
1241 329 1340 378 tenens
1367 324 1451 378 tidem
1468 342 1539 381 meae
1552 329 1700 383 anastasis.

60 424 120 463 non
134 410 260 480 cogitare
269 416 385 480 sperant
395 412 627 483 [Fci·teputant]³,
640 414 689 467 sed
699 431 801 485 parans
812 414 862 469 hu·
903 413 964 465 Non
986 416 1061 466 enirn
1087 415 1198 466 ascendi
1219 415 1256 466 ad
1279 416 1390 466 Patrem
1404 414 1433 468 in
1445 415 1528 469 eorde
1543 422 1601 481 tuo,
1618 434 1702 488 quem

59 514 156 552 meros
172 506 203 552 ut
224 504 381 570 reportaret
410 517 493 570 quem
517 507 692 572 asportatum
706 502 859 557 credebat:
903 501 1130 566 necsurresisso,
1147 516 1199 555 nec
1224 501 1282 554 Deo
1311 502 1387 555 Patri
1412 504 1503 557 credis
1526 506 1662 576 aequalem
1677 505 1700 560 d.

57 587 188 652 Doricine,
200 587 300 658 inquit,
318 591 343 641 si
354 593 383 641 lu
400 591 540 643 sustulisti
550 607 622 657 eutii,
638 593 721 645 dicito
735 593 805 645 niihi
816 594 862 646 ubi
903 588 1027 643 Audiens
1043 590 1110 655 hac,
1130 589 1286 643 Marianon
1308 591 1414 644 diutius
1425 591 1571 659 dubitavit,
1583 595 1632 648 sed
1641 612 1701 650 cre·

55 679 178 744 posuisti
185 694 268 742 curru
288 683 311 730 ct
323 683 423 744 eponae
437 694 499 731 cunt
512 679 650 734 tullenso
664 678 781 735 sortisut
787 698 862 735 mors
904 676 946 730 dit
960 678 1081 741 Christo,
1094 680 1174 747 cuius
1190 680 1323 733 hauriens
1338 681 1422 734 tidem
1434 699 1466 735 cx
1482 682 1579 736 auditu
1590 683 1702 738 Domini

58 763 193 819 dileetio!
221 781 283 819 vere
298 766 405 819 arriauti
424 766 494 819 nihil
518 767 640 822 difucue.
656 768 736 822 Vires
747 770 860 835 amoris,
904 766 1068 821 desiderate
1092 768 1175 833 vocis,
1192 774 1221 821 et
1238 786 1270 821 ex
1291 770 1351 823 visu
1378 769 1457 828 facici
1487 771 1699 827 desiderabilis:

59 854 159 923 quoin
173 854 318 908 Christum
333 854 458 919 ardebat,
471 856 677 925 persuadebant
692 859 786 912 Mariae
800 875 861 912 eor·
904 871 969 908 nam
980 872 1104 923 uranum
1115 860 1230 926 sinapis,
1241 860 1351 926 quodin
1361 859 1452 914 cordis
1462 860 1702 929 ejushortobonus

60 958 115 1013 pus
136 943 300 1009 Salvatoris,
313 949 426 997 eentum
443 943 522 997 libris
537 945 612 999 aloes
626 954 655 1000 et
671 948 792 1018 myrrhae
806 948 861 1001 cir·
903 943 1073 998 hortulanus
1086 949 1270 999 seminaverat
1281 948 1371 1012 lesus,
1380 946 1453 1001 illico
1468 948 1636 1018 radicatum,
1646 967 1702 1005 erc·

60 1031 221 1098 cumlitum,
237 1050 267 1086 se
281 1033 370 1087 solam
380 1049 461 1103 posse
469 1039 590 1103 portare.
602 1036 645 1089 hd
658 1035 716 1090 hac
724 1036 859 1101 Salvator,
903 1036 943 1086 eit
958 1034 1128 1086 incubarent
1150 1050 1279 1101 siccariam
1294 1037 1398 1099 (illailla.
1416 1034 1530 1103 x111,31;
1559 1039 1623 1091 Lue.
1639 1053 1698 1105 xur,

59 1136 127 1174 cum
141 1121 259 1176 Mariam
276 1139 360 1193 quam
375 1123 511 1176 consolari
526 1130 649 1189 venerat,
662 1125 751 1194 magis
766 1142 862 1180 accen·
905 1119 1213 1187 19)lirmissimeetidei;
1228 1122 1401 1192 crediditque
1412 1124 1699 1198 indubitanter,quem

59 1208 143 1263 deret
162 1210 312 1281 quaerendo
328 1228 412 1282 quem
428 1219 582 1282 quaererem
595 1230 650 1266 non
665 1214 757 1268 serens
773 1216 860 1269 latere
903 1209 1014 1263 videbat
1034 1209 1178 1264 Christum
1202 1210 1305 1264 Filium
1323 1211 1383 1276 Dei,
1402 1226 1499 1267 iesum
1520 1232 1580 1269 0⁸⁵0
1599 1216 1697 1283 Deum,

57 1297 178 1365 diutius,
188 1305 217 1353 et
226 1300 406 1353 anhelantem
415 1300 857 1372 aspicere,etejulantemaudire;
902 1315 985 1370 quenl
1000 1298 1135 1352 dilexerat
1158 1300 1296 1353 viventem
1312 1313 1341 1363 ος
1370 1318 1461 1355 verca
1476 1305 1594 1358 mortuis
1609 1322 1701 1360 resur·

55 1388 121 1457 jam
135 1388 211 1442 enim
225 1405 314 1459 usque
329 1389 364 1442 ad
380 1388 519 1442 desectum
532 1390 648 1461 spiritus
655 1390 819 1458 increverat,
827 1408 859 1445 ex
900 1387 1014 1452 rexisse,
1033 1405 1117 1457 quem
1131 1388 1240 1442 Viderat
1251 1389 1440 1456 morientem
1468 1408 1531 1445 vere
1547 1393 1604 1447 Deo
1622 1394 1697 1448 Patri

57 1475 256 1546 magnitudino
270 1476 413 1543 desiderii,
427 1476 579 1531 multitudo
594 1478 707 1545 doloris,
715 1480 783 1533 dum
791 1497 859 1550 prae·
900 1477 1036 1547 aqualem
1053 1494 1123 1541 csse,
1142 1493 1227 1548 quam
1249 1478 1398 1547 quaesierat
1408 1477 1438 1532 in
1458 1481 1585 1550 sepulcro
1601 1481 1698 1551 jacen-

57 1580 125 1619 sens
139 1565 210 1636 ipse,
228 1581 311 1636 quem
335 1565 487 1636 querebat,
518 1583 547 1620 se
570 1567 680 1622 celabat
700 1567 814 1635 videnti,
831 1552 965 1622 etBtem.

58 1653 289 1709 ostendebatnon
302 1653 405 1708 videnti
423 1671 429 1705 :
446 1655 554 1708 vocavit
568 1673 600 1709 ex
612 1656 735 1722 nomine,
748 1660 858 1711 innud-

56 1743 182 1797 titadiuc
193 1744 349 1798 dulcedinis
364 1760 421 1797 suae
438 1746 520 1810 (Psal.
531 1760 596 1810 xxx,
612 1743 669 1813 20),
677 1745 772 1800 dicens
783 1764 788 1798 :
800 1748 858 1800 Μα-

57 1834 115 1898 riu,
127 1849 247 1903 agnosce
257 1848 302 1886 me
312 1849 329 1886 a
341 1848 396 1904 quo
408 1832 624 1902 recognosceris.
642 1835 711 1888 lt'oci
726 1841 750 1889 tc
759 1852 791 1888 ea
807 1851 857 1889 no·

55 1924 134 1975 avim
146 1922 240 1989 (ascet
257 1935 344 1986 saxu,
362 1920 490 1988 12),seio
507 1922 617 1992 quasis
630 1922 854 1994 b,etquidvelis:
932 1925 1086 1978 Persuasus
1102 1924 1222 1995 denique
1247 1924 1383 1988 Salvator,
1413 1924 1579 1980 suavissima
1593 1943 1696 1998 praero-

55 2009 129 2065 Ecce
144 2026 200 2075 me,
216 2026 251 2064 ne
267 2010 369 2081 plores,
383 2025 447 2063 eece
460 2026 505 2064 me
521 2027 605 2081 quem
620 2012 732 2083 quaeris.
746 2012 857 2076 Quievit
896 2013 991 2082 gativa
1002 2013 1122 2084 pristini,
1140 2014 1231 2086 quiin
1251 2014 1417 2084 primiceriae
1437 2031 1495 2069 suae
1518 2020 1548 2069 et
1567 2017 1695 2087 specialis

55 2098 133 2153 illico
148 2099 243 2153 Maria
262 2099 407 2153 moerentis
421 2098 590 2163 amaritudo,
609 2106 641 2154 ut
655 2101 750 2156 sonuit
760 2118 856 2155 conso-
897 2102 993 2157 antica
1017 2108 1128 2173 pectore
1144 2119 1288 2173 nunquam
1301 2103 1401 2157 ardere
1416 2103 1550 2170 desierat,
1566 2105 1671 2160 amoris
1687 2125 1708 2171 ς,

56 2186 134 2241 latus
149 2187 241 2251 amici,
272 2194 301 2241 et
320 2186 431 2242 Domini
453 2188 580 2244 dulcedo.
601 2189 723 2258 Agnovit
737 2189 855 2244 amicam
897 2191 987 2267 sciens
996 2191 1161 2256 certissime,
1185 2191 1288 2263 quippe
1303 2207 1386 2262 quem
1400 2192 1508 2246 nullum
1522 2193 1592 2247 latet
1603 2210 1694 2248 secre-

54 2292 163 2343 vocem,
181 2277 268 2331 sensit
280 2275 391 2331 solitam
408 2277 585 2343 suavitatem,
601 2295 657 2349 qua
681 2277 773 2332 vocari
788 2294 854 2333 con·
896 2285 968 2345 tum,
978 2297 1018 2347 se,
1030 2280 1059 2333 in
1074 2280 1157 2334 corde
1171 2280 1510 2351 credentispigmentariae
1520 2283 1648 2353 suae,jam
1658 2283 1694 2337 ad

54 2371 198 2431 sueverat,
214 2365 313 2420 Maria.
334 2366 462 2436 Moxque,
490 2365 611 2420 demisso
634 2368 723 2432 vultu,
750 2366 856 2438 suppli·
897 2368 1011 2423 Patrem
1025 2368 1197 2434 ascendisse,
1212 2369 1382 2423 ascensionis
1396 2385 1452 2423 suae
1465 2386 1528 2424 eam
1542 2371 1694 2442 adaposto-

899 1708 964 1763 Cau.
981 1707 1092 1761 xxvlr.
1112 1738 1144 1748 -
1166 1709 1215 1761 dci
1230 1709 1424 1775 iiiapdalcnurn
1439 1710 1563 1764 Christus·
1581 1714 1619 1766 ud
1631 1728 1698 1782 apa-
1764 1730 1767 1741 ·

1111 1781 1191 1832 stolus
1208 1782 1294 1832 nne-'llil
1319 1784 1478 1848 apostolam.

54 2454 129 2509 citer
148 2455 279 2522 adorans,
308 2454 474 2525 Magistrum
498 2453 636 2525 discipula
659 2455 792 2510 salutavit
816 2456 857 2509 di·
897 2457 939 2511 los
949 2457 1072 2511 instituit
1082 2456 1344 2528 apostolam,digna
1356 2458 1483 2511 mercede
1496 2458 1628 2528 gratiaeet
1635 2460 1694 2530 glo·

53 2559 142 2599 cens:
160 2545 281 2598 liabboni
294 2545 376 2611 (quod
396 2544 511 2607 dieitur,
536 2544 676 2611 illapistert
702 2546 791 2611 (laun.
808 2561 854 2611 xx,
896 2545 955 2611 ria,
972 2545 1119 2618 primoque
1132 2551 1161 2599 et
1169 2545 1310 2618 praecipuo
1324 2545 1439 2599 honoris
1453 2544 1694 2617 privilegiadiguc

55 2631 100 2693 iiii
114 2644 136 2685 ⁰.
153 2632 188 2686 Et
208 2631 352 2697 accedam,
368 2637 400 2684 ut
425 2648 455 2685 se
478 2631 513 2684 ad
535 2631 639 2686 Christi
665 2632 782 2703 vestigia
804 2633 854 2687 hu·
895 2650 946 2704 pro
960 2633 1068 2688 meritis
1083 2634 1209 2688 omnium
1227 2633 1423 2688 ministrarum
1438 2651 1694 2691 suarumremune-

53 2720 189 2785 radiaret,
215 2728 243 2775 et
265 2720 349 2792 pedes
371 2725 404 2774 ut
441 2719 543 2774 nudius
570 2737 646 2775 nona
669 2720 714 2774 die
738 2721 851 2790 iecerat,
893 2737 959 2776 rans
974 2722 1235 2795 signiferam,quam
1250 2726 1315 2775 ante
1329 2722 1470 2777 modicum
1480 2722 1642 2778 instituerat
1651 2741 1693 2778 re·

55 2810 250 2882 amplectitur3
262 2808 369 2864 audivit
383 2826 400 2863 a
414 2809 534 2863 Domino
552 2827 557 2860 :
576 2809 643 2864 Noli
658 2826 699 2864 ιιιι
715 2816 826 2879 tonuere
844 2830 852 2864 .·
871 2811 1076 2895 ¹surrectionis
1091 2811 1302 2882 evangelistam,
1320 2815 1349 2864 et
1362 2811 1402 2865 ait
1416 2811 1456 2865 illi
1474 2829 1479 2863 :
1505 2813 1616 2866 Vudeud
1629 2815 1692 2881 sra-

55 2901 184 2954 nondum
204 2902 277 2953 enim
297 2900 408 2952 ascendi
420 2900 458 2951 ad
485 2900 595 2952 Patrevn
615 2915 716 2952 inerint.
733 2900 798 2954 Noli
813 2878 883 2954 vicei‘
896 2905 949 2954 tres
965 2917 1046 2967 ineos,
1063 2906 1087 2954 ct
1099 2901 1144 2954 dic
1161 2903 1216 2954 eis:
1233 2900 1299 2957 Haec
1312 2900 1380 2953 dicit
1392 2899 1551 2954 Dominus:
1572 2901 1692 2955 dscendo

54 2994 179 3057 manere,
192 2986 365 3058 amplexibus
379 2985 521 3058 eorporis:
537 2987 663 3041 nondum
675 2987 749 3041 enim
764 2987 853 3042 credis
894 2992 932 3044 ad
944 2992 1052 3044 Patrem
1067 3006 1159 3043 ιιιιιιιιι
1174 3006 1225 3059 per
1239 2995 1380 3055 naturam,
1402 2993 1431 3041 et
1442 2991 1552 3043 Patrem
1571 2995 1693 3044 oestrum

54 3093 102 3133 me
121 3076 243 3131 evasisse
253 3077 401 3147 compedes
415 3074 522 3139 mortis,
536 3092 597 3147 quae
608 3076 746 3131 viventem
752 3076 854 3148 quaeris
894 3094 945 3149 per
956 3077 1099 3148 gratiamr
1114 3096 1120 3145 ;
1137 3079 1269 3132 addeum
1283 3094 1383 3141 ιιιιιιιιι,
1392 3077 1444 3131 sub
1455 3094 1509 3147 quo
1524 3092 1586 3132 sum
1596 3078 1690 3144 homo,

532 3189 618 3237 DOTAE
641 3191 825 3238 rorissruuu
847 3193 886 3236 EX
908 3192 1030 3236 ΒΔΒΔΝΟ
1053 3191 1231 3236 ὓΕὸῦΙΡΤΕ.

55 3287 196 3354 quatenus
211 3298 275 3335 cum
290 3279 450 3334 nominaret
466 3296 550 3350 quem
560 3285 706 3351 quareret,
716 3280 746 3334 in
756 3296 853 3335 amore
894 3286 990 3334 nostro
1004 3285 1071 3333 tune
1084 3281 1164 3334 lesus
1180 3279 1306 3332 ascendit
1320 3279 1355 3333 ad
1369 3280 1482 3333 Patrem
1496 3295 1560 3333 cum
1577 3279 1691 3349 aequalis

55 3355 118 3424 ejus
132 3353 278 3407 ardentius
292 3356 433 3406 aestuaret.
451 3352 554 3405 daban.
570 3353 639 3405 ibid.
894 3351 1109 3405 Patriereditur.
1123 3351 1195 3404 Nam
1202 3349 1399 3421 quisquiseum
1406 3350 1541 3420 equalem
1551 3349 1628 3403 Patri
1634 3366 1690 3403 non

92 3424 177 3479 aHoc
193 3421 278 3477 habet
290 3422 331 3475 vis
346 3422 460 3487 amoriS,
476 3422 616 3491 hocagere
627 3422 698 3476 solet
711 3421 851 3487 inanimo,
894 3421 992 3483 credit,
1006 3421 1097 3475 adhuc
1110 3422 1140 3473 in
1152 3422 1214 3490 ejus
1222 3426 1333 3490 pectore
1348 3421 1384 3474 ad
1396 3421 1508 3474 Patrem
1526 3437 1582 3474 non
1596 3436 1691 3474 ascen·

55 3501 89 3577 ut
103 3512 187 3566 quem
202 3494 262 3620 ipse
277 3509 388 3563 semper
404 3492 517 3563 cogitat,
536 3493 645 3546 nullum
655 3492 743 3547 alium
757 3492 854 3546 eredat
894 3493 944 3547 dit.
963 3494 1069 3547 debarai
1092 3493 1194 3545 licinii.
1219 3494 1301 3558 sicu
1321 3492 1435 3555 Pascha,
1454 3496 1483 3545 ct
1502 3491 1576 3561 apud
1598 3491 1691 3544 ,ilorci-

56 3582 198 3649 1gnorare.
234 3571 293 3619 ecte
308 3570 336 3617 et
348 3564 406 3617 hac
421 3563 522 3618 mulier
533 3579 615 3633 quem
634 3563 799 3634 quaeritnon
809 3562 853 3616 di·
894 3580 974 3627 aum,
987 3579 1019 3616 ex
1031 3562 1060 3616 S.
1077 3562 1206 3629 drepanio
1223 3563 1331 3629 illaque,
1348 3564 1415 3616 ibid.
1434 3561 1540 3616 Similia
1555 3561 1629 3632 apud
1645 3563 1689 3616 ue-

55 3644 96 3692 crt
106 3656 113 3703 ;
124 3641 154 3691 et
161 3643 256 3691 tamen
272 3635 339 3690 dicit
355 3634 404 3689 :Si
418 3639 448 3687 tu
461 3636 602 3688 sustulisti
614 3651 686 3699 essin,
699 3634 765 3706 quia
772 3634 853 3687 alteri
893 3636 959 3689 dant
974 3637 1005 3686 in
1019 3636 1112 3697 doura,
1127 3649 1189 3702 cap.
1200 3631 1244 3688 ⁶20.

56 3714 211 3779 conputat
234 3723 295 3761 esse
318 3705 502 3776 incognitum,
524 3722 608 3776 quem
632 3705 693 3775 ipsa
720 3704 853 3760 continuo
929 3707 1010 3759 alita
1024 3707 1185 3785 existimans
1196 3705 1263 3771 quia
1277 3704 1444 3784 hortulanus
1458 3703 1691 3768 esset...,sorsitan

55 3779 122 3890 phin
147 3778 440 3904 iteiieesiliiiileialimac
458 3847 482 3901 si
500 3852 597 3916 aperte
612 3845 687 3898 dicat
699 3846 725 3901 ei
746 3864 753 3899 ι
778 3861 855 3900 reeo-
894 3773 1691 3915 pppneprrepgidpiprulpprlhgppepmppprqppffiliipesprpoptepltppps

55 3936 160 3993 gnosce
175 3937 240 3975 cum
254 3937 271 3974 a
285 3935 339 3990 quo
354 3918 571 3989 recognosceris.
597 3916 724 3972 Perfecto
741 3933 796 3989 quo
818 3932 854 3970 ue
895 3922 965 3979 erat,
977 3916 1025 3988 qui
1038 3916 1067 3970 in
1078 3917 1139 3998 ejus
1158 3922 1270 3987 pectore
1284 3933 1334 3988 per
1343 3917 1447 3971 amoris
1459 3916 1501 3971 sui
1512 3917 1621 3972 semina
1634 3918 1691 3971 vir·

58 3992 117 4047 viro
130 3991 200 4046 dicit
215 4010 222 4045 z
248 3992 318 4047 Noui
326 3993 521 4044 teecnornine.
546 4029 552 4041 .
570 4029 576 4041 .
592 3989 632 4041 Ac
641 3988 665 4041 si
685 3994 781 4058 aperte
796 3934 853 4042 ito·
894 3993 988 4043 tutum
1001 3987 1121 4041 virentia
1132 3987 1269 4058 plantavit
1278 3988 1357 4043 sata?
1371 3989 1479 4044 ltabcui
1488 3989 1592 4044 Hamil.
1606 3992 1658 4058 scr.
1674 4004 1691 4042 v

58 4062 153 4118 minus
166 4062 242 4117 dieat
254 4077 310 4116 non
325 4067 353 4115 te
364 4061 535 4130 generaliter
549 4065 581 4114 ut
593 4064 718 4123 caeteros
731 4058 779 4114 sed
793 4075 853 4129 spe-
893 4061 1010 4116 Pascha.

56 4134 167 4190 cialiter
182 4134 248 4189 scio.
273 4133 378 4257 zaban.
396 4135 462 4186 ibid.
487 4138 515 4186 ct
534 4131 609 4210 apud
632 4132 744 4184 dicuin.
765 4145 799 4182 ex
822 4128 851 4184 S.
893 4130 1027 4257 HFidenbr
1035 4130 1185 4253 perfectam
1195 4129 1688 4200 granosinapiscomparatChristus.

80 4206 305 4260 re.Mu.ibi.
920 4204 1066 4255 ennii.

57 4206 78 4262 G
93 4222 233 4332 eilliieitqei
249 4276 379 4330 licbboni.
388 4275 440 4328 ilic
453 4274 594 4329 recolebat
603 4272 781 4339 doctorem,a
797 4288 852 4344 quo
930 4241 1020 4326 lioino
1034 4271 1081 4341 qui
1096 4271 1244 4324 seminavit
1258 4271 1287 4324 in
1306 4287 1374 4341 agro
1389 4286 1440 4324 suo
1449 4286 1569 4340 granum
1584 4271 1690 4342 sinapis

56 4348 218 4403 discernere
231 4348 355 4400 humana
370 4352 399 4400 et
410 4346 504 4400 divina
518 4344 652 4408 discebat,
671 4344 691 4400 S
695 4384 701 4396 .
723 4348 852 4412 daunai„
895 4343 1083 4405 Christusest,
1100 4341 1148 4412 qui
1158 4341 1398 4396 seminavitsrdem
1412 4342 1442 4396 in
1458 4340 1562 4395 mundo
1575 4360 1581 4394 :
1594 4342 1623 4397 in
1634 4359 1690 4415 qua

58 4421 140 4484 ibid,
152 4424 261 4472 tractat.
278 4433 346 4483 cxxi,
363 4433 392 4471 n·
406 4417 432 4470 2.
895 4414 1021 4469 volucres
1034 4413 1105 4477 coeli,
1122 4413 1150 4465 id
1165 4420 1218 4475 est,
1232 4413 1372 4483 spiritales
1387 4412 1487 4467 animae
1500 4414 1688 4485 requiescunt.

92 4489 184 4545 Maria
199 4506 265 4559 ergo
295 4489 361 4559 quia
383 4493 498 4543 vocatur
521 4506 553 4543 cx
575 4487 688 4543 nomine
713 4486 856 4557 cognoscit
895 4487 1003 4543 dabani
1014 4486 1045 4538 dc
1063 4485 1200 4545 ilniccrso,
1213 4483 1261 4538 lib.
1278 4499 1314 4547 1v,
1327 4500 1386 4554 cap.
1403 4484 1429 4536 1.

56 4568 212 4626 auctorem,
222 4566 306 4630 atque
314 4560 512 4641 eumprotinus
527 4559 663 4622 Rabboni,
672 4557 701 4610 id
710 4564 754 4611 est
763 4556 853 4628 magi·
928 4556 1092 4611 Arborsrdes
1103 4553 1219 4610 robusta
1229 4561 1260 4609 ut
1271 4555 1301 4608 in
1311 4556 1469 4625 Evangelia
1477 4560 1690 4624 erevitqranuin

56 4638 149 4687 strum
160 4638 248 4697 vocat,
262 4632 329 4701 quia
345 4638 374 4685 et
385 4648 444 4702 ipse
454 4640 515 4685 erat
529 4631 577 4702 qui
589 4627 767 4699 quaerebatur
780 4635 854 4681 exte·
894 4629 999 4694 sinapis
1012 4632 1036 4680 et
1051 4628 1156 4692 sactvaa
1176 4632 1213 4680 est
1243 4629 1274 4681 in
1294 4628 1421 4680 arborem
1442 4644 1584 4693 cinnanum,
1635 4625 1689 4680 uod

55 4704 128 4771 rius,
140 4709 169 4757 et
182 4703 242 4775 ipse
255 4702 302 4772 qui
317 4702 403 4756 etiam
421 4702 549 4765 interius,
565 4704 755 4770 acquiereret,
771 4699 854 4754 doce·
895 4699 982 4753 erevit
996 4697 1099 4752 sides...
1126 4703 1155 4752 ct
1180 4700 1267 4752 robur
1281 4696 1388 4768 accepit
1416 4714 1560 4770 magnum.
1582 4644 1690 4752 Baiani

55 4774 116 4833 bat.
135 4777 204 4831 ibid.
220 4781 249 4829 et
262 4774 337 4843 apud
352 4775 476 4838 dicuin,
492 4774 560 4827 ibid.
577 4771 615 4826 Ea
628 4772 657 4826 S.
673 4770 750 4838 drea.
768 4772 852 4839 ilua,
896 4772 1040 4836 :illicacta
1055 4771 1087 4822 in
1103 4769 1406 4836 saeravnScripturunt.

55 4848 126 4900 ibid.
932 4842 1012 4895 lesus
1024 4856 1088 4893 cum
1097 4840 1157 4894 haee
1172 4839 1197 4892 ei
1208 4839 1399 4910 responderet,
1415 4839 1498 4893 tidem
1515 4836 1649 4892 docebat:
1662 4844 1691 4892 et

94 4916 188 4972 idota·
201 4933 241 4970 ine
256 4922 385 4981 tenpore:
403 4915 527 4968 nondum
537 4916 613 4967 enim
628 4913 739 4966 ascendi
755 4913 792 4965 ad
805 4914 856 4966 Pa
895 4911 1063 4967 hortulanus
1075 4910 1121 4963 ille
1136 4910 1165 4964 in
1180 4911 1241 4978 ejus
1256 4911 1338 4964 eorde
1354 4918 1488 4980 tanquam
1503 4909 1532 4963 in
1543 4910 1625 4962 horto
1638 4926 1689 4964 suo

57 4994 131 5043 trem
145 5004 244 5049 siceum,
262 4987 290 5042 in
299 4986 342 5040 his
353 4984 444 5040 verbis
453 4985 610 5040 ostenditur
618 4984 692 5055 quod
703 4983 792 5037 Maria
798 4999 855 5036 am·
915 4998 1014 5037 canum
1025 4981 1130 5052 sinapis
1142 4980 1308 5035 soruinabat.
1325 4983 1395 5036 deda
1409 4985 1440 5034 in
1453 4984 1545 5046 dcam,
1561 4996 1622 5051 cap.
1642 4980 1687 5036 20.

57 5059 143 5132 plecti
158 5058 245 5113 voluit
259 5060 320 5130 ejus
336 5055 455 5129 vestigia
473 5073 557 5128 quem
578 5053 747 5126 recognovit,
764 5054 813 5108 sed
827 5053 853 5108 ei
894 5000 934 5110 ix
945 5052 972 5109 S.
987 5058 1114 5121 sisausa,
1131 5053 1209 5116 ibid,
1220 5058 1330 5106 tractat.
1347 5067 1418 5119 exst,
1432 5068 1461 5106 n.
1478 5051 1503 5106 3.

56 5130 194 5202 magister
205 5130 272 5184 dicit
288 5149 293 5183 :
309 5129 374 5185 Noti
390 5146 431 5182 nce
443 5134 563 5193 lanqerc,
580 5142 636 5180 non
651 5126 717 5196 quia
732 5130 795 5196 post
808 5141 854 5178 re·
931 5124 942 5167 f
961 5126 1027 5180 Vade
1040 5124 1185 5189 adsedem
1198 5140 1269 5177 ineos
1283 5129 1307 5177 ct
1322 5125 1366 5176 dic
1380 5125 1436 5177 eis:
1458 5123 1578 5180 Ascendo
1592 5124 1630 5177 ad
1640 5125 1689 5178 Pa-

56 5201 263 5257 surrectionem
275 5200 410 5255 Dominus
420 5205 527 5253 tactum
537 5196 663 5252 renuerit
673 5195 852 5261 feminarum,
897 5202 966 5250 tran
978 5211 1068 5248 vneuvn
1083 5199 1107 5247 et
1121 5196 1231 5248 Patrem
1242 5199 1371 5257 vestrum,
1383 5198 1408 5246 et
1423 5195 1551 5248 acham
1563 5211 1653 5248 vneuvn
1663 5200 1688 5249 ct

57 5262 124 5328 cum
139 5273 174 5327 de
188 5272 297 5327 duabus
321 5271 356 5324 ad
386 5271 544 5342 sepulerum
570 5269 631 5337 ejus
646 5267 780 5336 seriptum
797 5266 852 5320 sit:
895 5269 981 5323 Deum
992 5271 1121 5320 cestrum.
1133 5265 1195 5318 Non
1210 5263 1249 5317 ait
1264 5265 1377 5319 Patrem
1387 5264 1688 5336 nostrum,aliterergo

56 5348 236 5401 decesserunt
246 5349 270 5397 et
283 5343 512 5411 tenueruntpedes
522 5345 589 5409 ejies.
600 5339 652 5393 Sed
660 5338 792 5408 curtengi
799 5353 854 5391 non
895 5354 1000 5402 mcum,
1013 5336 1096 5389 aliter
1107 5341 1239 5390 vestrum.
1253 5335 1343 5390 Deum
1356 5351 1450 5390 meum
1461 5335 1513 5390 sub
1523 5352 1578 5407 quo
1594 5342 1623 5391 et
1636 5352 1688 5406 ego

55 5415 162 5472 debeat
174 5415 247 5470 ratio
262 5429 373 5499 quoque
387 5413 501 5469 additur
509 5429 573 5468 cum
581 5409 767 5467 subinfertur:
781 5410 855 5464 don·
895 5409 979 5490 homo
993 5423 1071 5462 sum:
1087 5407 1178 5462 Deum
1187 5412 1311 5461 vestrum
1321 5407 1396 5462 inter
1406 5423 1476 5480 quos
1485 5407 1617 5536 etipsum
1631 5423 1689 5462 ma·

56 5488 131 5544 dum
141 5489 218 5544 enim
225 5487 336 5544 mande
348 5487 386 5541 ad
398 5487 509 5542 Patrem
523 5500 625 5540 meunt.
641 5482 675 5540 In
688 5480 855 5538 cordceaim
895 5480 1089 5539 diatorsum...
1098 5477 1217 5535 ascendo
1227 5478 1387 5537 adPatrem
1396 5495 1527 5536 meumvr
1546 5478 1688 5548 ehoetpor
