3772 6120
125 255 193 309 ruat
427 251 457 303 Β.
479 248 614 303 nonnul
632 246 749 305 naum
768 246 936 305 suculae.
957 245 1119 303 noauu'r.
1140 246 1289 303 OPEBUH
1307 246 1399 303 PARS
1418 246 1468 301 111.
1701 249 1762 309 libi

122 379 194 442 vita,
210 393 261 435 nec
275 375 504 433 emandationem
522 373 664 433 vitiorum,
679 371 727 427 sed
745 356 922 442 perniciosis·
931 369 1102 432 Ainntiliter
1116 370 1201 425 faciat
1223 387 1288 425 eum
1312 376 1436 440 torpere,
1451 376 1480 427 et
1506 370 1625 431 minime
1646 370 1678 431 in
1690 370 1763 429 bonis

123 469 224 523 simam
249 464 476 534 desperationem
498 461 599 517 arnimar
624 461 716 531 injicit
740 459 924 529 delinquenti.
967 459 1097 529 operibns
1124 459 1272 515 desudare.
1288 459 1392 515 dcedia
1420 459 1497 515 enim
1521 466 1566 517 est
1590 459 1689 531 postis,
1708 477 1763 532 qun

123 555 204 619 Quod
219 571 270 609 neo
286 569 347 607 eaor
361 552 426 607 lecit
440 558 503 622 post
517 550 702 605 fratricidium
714 550 858 619 paenitere,
875 564 926 605 nec
967 549 1026 603 Deo
1038 547 1239 604 tarnnlantibus
1263 549 1384 603 multum
1407 565 1509 605 nocere
1524 548 1663 619 probatur
1678 568 1684 603 :
1703 550 1763 611 dnm

123 644 226 698 ludam
238 647 303 713 post
316 641 504 713 proditionem
528 640 562 695 ad
585 638 783 695 satisfactionis
800 637 925 693 renradia
966 637 1073 693 ‹rtiosus
1101 638 1184 693 bomo
1213 637 1347 708 torpescit
1372 638 1402 693 in
1426 637 1576 693 desideriis
1600 638 1761 706 carnalibus,

122 733 264 794 festinare,
277 731 326 786 sed
341 731 376 786 ad
388 728 569 800 suspendium
584 727 676 798 laquei
692 744 722 781 sa
736 744 786 783 sua
797 727 926 796 despera·
967 742 1018 781 nec
1031 727 1060 783 in
1077 743 1160 797 opere
1173 727 1278 796 gaudet
1292 727 1431 796 spirituali
1452 744 1505 781 neo
1519 726 1549 781 in
1565 728 1660 783 amate
1673 728 1764 785 anima

125 822 201 877 tione
216 820 361 891 pertraxit.
379 819 500 888 Ideoque
516 816 596 873 notris
606 816 683 873 utilis
698 832 754 870 uria
770 833 799 869 re
814 822 924 872 tanturn
968 832 1024 869 snae
1040 815 1160 876 laetatur,
1180 831 1231 871 nee
1253 815 1281 870 in
1296 816 1436 885 adiutorio
1450 816 1569 873 fraterni
1585 815 1692 873 laboris
1705 817 1764 873 bila·

123 910 238 965 tristitia
247 908 401 978 judicanda
417 914 477 963 est:
496 923 558 961 cum
572 907 643 961 hauc
659 905 832 975 pmnitudine
855 902 925 959 deii·
968 903 1051 959 rescit
1067 923 1072 957 :
1091 904 1138 957 sed
1154 909 1266 959 brutum
1280 904 1451 975 concupiscit
1461 912 1491 960 et
1516 905 1674 965 desiderat,
1685 907 1764 963 otiose

125 1005 235 1055 ciarum
249 998 291 1053 rel
308 994 632 1066 desiderioperfeetionis
647 993 755 1049 usercensi
771 993 813 1046 rei
827 993 927 1047 tirturn
967 999 1100 1049 tractans.
1118 1010 1168 1064 per
1182 993 1278 1049 onniia
1296 993 1437 1049 discurrit.
1454 995 1523 1057 Quae
1540 994 1611 1049 dnm
1632 995 1764 1051 rniserabi·

125 1087 308 1143 baatitudinis
320 1085 556 1157 conternpiatioue
567 1084 852 1153 cupimusiiequaet
863 1081 926 1135 bea·
968 1083 1022 1136 lem
1037 1082 1145 1137 obsidet
1169 1088 1302 1144 mentem,
1319 1084 1415 1139 multis
1441 1100 1505 1139 earn
1530 1083 1625 1141 inlicit
1643 1084 1762 1147 miseriis,

124 1173 578 1246 tusrlpastolnannaesecundnm
587 1173 725 1227 ltenrrrest
734 1170 926 1234 tristitiapiu·
968 1187 1029 1240 qna
1045 1172 1132 1227 ruulta
1143 1172 1243 1225 ricreent
1253 1172 1336 1225 raaia.
1349 1172 1388 1227 Da
1404 1188 1459 1240 qua
1469 1171 1601 1229 irascitur
1614 1173 1763 1229 somnolen-

125 1263 380 1335 qnit,«prnniterrtia
390 1263 424 1317 :ul
431 1264 551 1317 salutern
559 1260 688 1315 stabilem
695 1262 926 1330 operatur-:isene
967 1259 1017 1324 tia,
1030 1259 1144 1330 pigritia
1154 1260 1246 1330 operis
1257 1261 1330 1319 bosri,
1341 1260 1521 1317 instabilitas
1532 1262 1597 1326 leci,
1613 1263 1763 1332 pernegabo

124 1352 367 1411 liantamtristitia
382 1358 500 1405 mortem
511 1351 768 1419 operaturtllt‘er.
779 1366 823 1412 ιιι,
842 1346 925 1405 rba»
968 1349 1073 1403 deloco
1088 1349 1117 1403 in
1133 1350 1235 1409 ιοιιιιιι,
1251 1349 1383 1419 tepiditas
1409 1349 1570 1412 laborandi,
1580 1350 1697 1407 taedium
1710 1368 1761 1407 aar·

124 1442 177 1499 Sed
185 1439 619 1510 illatristitiaquaeprrrritentiam
626 1437 799 1508 operaturad
805 1437 927 1493 salutem
968 1437 1021 1497 dis,
1037 1438 1223 1493 rnnrmumtie
1237 1445 1265 1492 et
1277 1438 1446 1508 runiloquia.
1459 1456 1521 1509 quas
1537 1438 1640 1510 utique
1654 1455 1672 1493 a
1686 1440 1761 1495 milita

124 1530 253 1587 stabilem
268 1528 400 1583 olrediens
413 1538 464 1589 est,
481 1527 609 1590 nilhbiiis,
627 1527 751 1587 buruilis,
769 1532 925 1591 nransusts,
969 1525 1072 1579 Christi
1087 1526 1208 1583 vincitur
1218 1542 1268 1596 per
1282 1527 1407 1583 studium
1422 1527 1761 1598 lectionispsrsssidua-

121 1619 215 1673 suavis
225 1635 257 1673 irc
268 1618 386 1688 patiens,
395 1622 491 1687 utpote
500 1634 531 1669 us
543 1616 590 1670 uei
599 1616 736 1671 clamitate
744 1615 924 1677 descendens,
969 1620 1025 1669 teru
1036 1614 1128 1684 aperis
1136 1613 1211 1677 ironi,
1220 1633 1270 1685 per
1283 1615 1455 1671 desiderium
1471 1615 1660 1686 praemiorum
1673 1617 1760 1673 lutura

121 1712 150 1767 et
164 1708 199 1765 ad
213 1723 325 1763 ‹irrrnem
340 1707 465 1761 dolorem
480 1705 644 1774 corporisne
653 1703 768 1774 spiritns
777 1703 923 1759 eorrtritie-
935 1690 957 1748 Β
967 1702 1159 1764 bernitudinis,
1176 1720 1226 1773 par
1240 1704 1440 1761 cerrtessionem
1462 1705 1633 1761 tentationis
1646 1708 1759 1776 quarnin

123 1813 187 1853 narn
202 1794 414 1865 iubrtigabiliter
428 1793 607 1863 semetipsam
622 1792 762 1847 desiderio
777 1791 923 1861 perlectio-
966 1798 1061 1847 mente
1077 1791 1170 1851 babet,
1188 1810 1239 1862 per
1252 1792 1432 1848 stabilitatem
1451 1794 1504 1847 loci
1515 1800 1545 1849 et
1559 1795 1696 1864 propositi
1712 1797 1757 1857 sui,

123 1884 166 1939 nis
177 1883 338 1945 extendens,
356 1888 384 1936 et
403 1881 608 1951 qrrodammodo
625 1881 697 1942 lata,
714 1898 746 1935 uc
765 1897 815 1950 spe
831 1896 925 1949 prore·
966 1888 1051 1950 atqua
1066 1881 1230 1937 «exercitium
1245 1882 1395 1949 utriuslibet
1406 1881 1475 1937 artis
1489 1888 1519 1936 ot
1533 1882 1642 1940 laboris
1655 1884 1695 1937 rei
1709 1900 1761 1939 ora

122 1976 183 2027 etus
197 1972 241 2027 sni
251 1976 522 2040 virgearueunctsm
533 1968 706 2025 all‘abilitatis
715 1976 744 2021 et
758 1968 925 2037 lorrgsmimi·
967 1969 1062 2033 tionis,
1076 1977 1104 2026 et
1117 1970 1276 2039 uigiliarum
1292 1970 1456 2027 instantiam
1469 1988 1474 2022 ι
1493 1979 1525 2025 ut
1540 1988 1686 2043 nunquam
1697 1972 1759 2029 otio-

121 2059 486 2122 tatisretinetsuaritatem,
497 2058 601 2113 habens
617 2057 646 2112 in
657 2058 808 2127 sernrtipso
828 2073 925 2111 omnes
967 2075 1015 2113 sus
1030 2058 1189 2114 inveniatur
1207 2076 1302 2115 servus
1324 2059 1384 2115 bei.
1401 2059 1551 2115 Difficilius
1574 2061 1653 2115 enim
1666 2062 1760 2117 insanit

122 2149 228 2202 fructus
240 2149 361 2218 Spiritus
376 2148 464 2201 structi
475 2168 479 2198 :
490 2164 559 2219 ‹puos
570 2156 717 2200 euurnerat
726 2147 798 2198 idem
808 2147 925 2215 Aposto-
967 2146 1095 2203 diabolus
1111 2148 1239 2203 tentandi
1255 2148 1346 2203 locum
1368 2149 1398 2203 in
1413 2149 1529 2205 heroine
1543 2166 1631 2219 quem
1645 2149 1673 2205 in
1685 2166 1759 2221 opere

122 2239 181 2291 lus:
202 2262 212 2288 a
230 2238 346 2291 Fructus
356 2242 451 2290 autem
462 2236 577 2306 spiritus
586 2241 629 2288 cst
639 2235 769 2293 clamitas,
777 2235 922 2304 girudium,
967 2235 1072 2291 inseruit
1087 2235 1168 2299 bono,
1183 2253 1266 2309 quarn
1291 2253 1355 2291 eurn
1381 2253 1465 2306 quern
1485 2237 1612 2293 otiosum
1626 2238 1758 2309 reperitot

123 2326 337 2397 postponentis.
352 2325 561 2394 longanimitas,
573 2324 693 2385 benitas,
703 2325 781 2388 lidos,
792 2339 924 2379 rrnrnsne-
968 2322 1035 2379 nihii
1052 2323 1117 2380 boni
1132 2330 1272 2394 rigentem.
1288 2325 1366 2389 Quod
1391 2326 1544 2381 otiositatis
1568 2326 1668 2383 vitium
1683 2328 1758 2383 etisn

120 2416 199 2480 tudo,
209 2413 635 2484 assimilasse-‚eomundus«aar.
651 2431 675 2477 r,
692 2411 748 2471 ‘liu
762 2431 774 2463 ι
788 2412 852 2465 ilaec
861 2428 931 2487 rere
967 2412 1194 2482 sapientissimus
1207 2413 1339 2471 Salomon
1348 2414 1558 2471 evidentissime
1566 2422 1649 2473 notat
1657 2416 1684 2471 in
1698 2416 1759 2471 mni

122 2505 287 2574 rrsperrimn,
313 2503 472 2572 impatiens.
494 2502 676 2566 infructuoso,
694 2502 776 2571 plenu
798 2517 923 2564 rancore,
968 2501 1012 2564 tis,
1025 2501 1165 2557 itndieeus
1178 2520 1183 2555 :
1198 2524 1209 2551 ι
1223 2502 1275 2565 aui
1287 2509 1411 2559 uertatur
1421 2503 1758 2576 otiumdmpiebiturpan·

122 2598 151 2649 et
165 2593 276 2653 timore.
294 2592 374 2653 dnm,
390 2608 422 2644 aa
434 2591 630 2660 desperatione
646 2590 748 2659 pomuli
760 2606 823 2643 eum
841 2606 925 2659 quern
967 2596 1076 2658 portate
1090 2592 1132 2645 rel
1147 2591 1248 2645 risibili
1263 2592 1305 2645 rel
1317 2591 1458 2648 invisibili.
1468 2593 1537 2662 arria
1553 2610 1668 2651 raecesse
1680 2604 1721 2649 est
1731 2612 1757 2649 o-

124 2681 269 2749 corripieris
278 2679 364 2735 fuerit
372 2679 407 2735 ab
424 2678 561 2733 industria
574 2686 602 2731 et
619 2678 719 2734 salutis
737 2678 832 2733 ‹lolore
846 2678 923 2733 t'ran-
966 2678 1754 2750 timumausuqueeturiirersisritiisinvolutumtenetu.

121 2769 174 2837 git,
188 2786 220 2823 ac
235 2776 346 2823 revocat
365 2772 461 2837 utpote
477 2766 677 2822 irratimmbilis
697 2774 725 2821 et
745 2766 925 2836 intercipiens
967 2774 995 2822 et
1009 2767 1132 2823 alienum
1147 2785 1259 2839 semper
1272 2770 1392 2823 existere
1403 2772 1644 2841 corrtempiatlone
1656 2772 1755 2832 neser

120 2874 176 2911 non
192 2857 283 2915 solunt
304 2857 463 2913 orationum
479 2855 640 2920 elliam-iam,
658 2855 842 2911 verumetiam
859 2855 923 2909 nni·
966 2855 1071 2911 divitiis
1086 2856 1278 2926 spiritualibus
1294 2861 1383 2917 irrue
1400 2874 1494 2921 surm,
1513 2860 1566 2921 rb).
1581 2880 1594 2911 r
1610 2861 1651 2921 De
1666 2859 1755 2930 quibus

123 2962 217 3001 versos
232 2961 300 3015 quos
309 2944 487 3016 praediximus
497 2944 605 2999 tructus
615 2944 774 3014 spirituales
785 2960 923 2999 evacuans
966 2942 1064 2999 beatus
1073 2947 1237 3016 Apostolus:
1253 2964 1266 2999 r
1279 2946 1352 3010 Quia
1365 2947 1393 3001 in
1407 2947 1546 3009 omnibns,
1555 2949 1659 3020 inquit„
1669 2949 1754 3003 diriter

119 3050 190 3103 ques
205 3033 281 3090 ruerit
295 3033 343 3087 iiia
356 3033 490 3089 conterre.
499 3034 676 3102 Quapropter
689 3031 793 3101 absquo
805 3032 852 3087 illa
861 3049 923 3102 sputa
934 3005 954 3062 C
964 3033 1030 3090 tacti
1041 3034 1109 3089 estis
1123 3035 1153 3090 in
1169 3035 1226 3101 ibo,
1243 3035 1271 3089 in
1286 3036 1362 3091 omni
1376 3035 1469 3101 verbo,
1486 3044 1515 3093 et
1529 3038 1558 3092 in
1580 3039 1658 3095 omni
1675 3039 1753 3095 scien·

121 3122 163 3177 rel
179 3138 228 3191 pro
239 3121 356 3176 salutari
372 3121 537 3190 ,renitentis
552 3121 594 3174 rei
610 3138 660 3190 pro
674 3121 767 3175 studio
778 3121 924 3190 perfectio·
963 3121 1004 3175 tia
1015 3125 1040 3181 tl
1054 3124 1114 3176 eor.
1127 3140 1145 3183 r,
1158 3124 1193 3177 r'n.
1206 3143 1217 3175 ι
1230 3124 1319 3179 Multa
1333 3125 1409 3183 enirn
1424 3127 1499 3181 nraia
1511 3126 1608 3182 docuit
1628 3128 1751 3183 otiositas.

118 3210 162 3263 nis
177 3227 226 3263 seu
241 3226 291 3279 pro
304 3209 442 3265 desiderio
456 3209 803 3279 suscipieturfuturorum.
823 3209 921 3263 Omnis
964 3211 1635 3282 QuaevidenterApostoluserrunreraritdicens:
1655 3240 1666 3263 u
1681 3215 1752 3271 Audi·

122 3298 238 3355 tristitia
252 3304 386 3368 tanquam
402 3299 607 3367 spondetque.
625 3305 744 3353 mortem
760 3297 863 3353 inserat
886 3315 921 3351 ur·
962 3298 1063 3364 einins,
1075 3301 1176 3370 inquit,
1183 3302 1318 3370 quosdam
1329 3302 1403 3357 inter
1413 3319 1461 3355 ros
1472 3302 1620 3359 ambulare
1630 3305 1748 3375 inquieta

119 3387 242 3457 qualiter
252 3387 413 3457 repellenda
428 3393 479 3448 est,
496 3404 528 3441 nc
550 3387 622 3441 sicut
636 3385 825 3441 linarirntiouis
839 3386 920 3456 spiri·
961 3388 1030 3443 nihil
1038 3396 1195 3460 operantes,
1210 3390 1495 3461 sedenrioseagentes
1507 3394 1547 3449 tl!
1554 3394 1641 3447 Thess.
1652 3410 1689 3451 ιιι.
1699 3390 1746 3455 ii·

118 3483 164 3531 tus
179 3476 358 3546 philargyriae
371 3476 412 3530 rel
422 3476 479 3535 irre,
493 3475 530 3529 de
541 3476 643 3529 nostris
662 3474 793 3529 cordibus
808 3475 920 3545 penitus
962 3476 1565 3549 llnicqurritiosubjunxitqnoddamstatim
1574 3481 1747 3537 medicamen·

119 3563 917 3634 exstruendatlaueigiturperniciosissimampassionem,
962 3572 1022 3619 tum
1036 3565 1132 3619 dicens
1149 3584 1154 3618 :
1174 3567 1344 3640 «Rogamus
1359 3584 1415 3631 ros,
1428 3567 1541 3631 batres,
1559 3569 1633 3639 quod
1648 3584 1744 3640 operari
1789 3632 1791 3645 Ι

118 3653 157 3709 itu
171 3654 206 3707 de
217 3652 297 3707 nobis
308 3653 445 3723 expellere
455 3669 614 3722 pessumus,
627 3652 650 3707 si
663 3657 785 3708 ruentem
795 3660 920 3707 riostmm
961 3653 1034 3707 detis
1044 3660 1077 3709 nt
1087 3654 1175 3724 quisti
1187 3655 1258 3718 sitis,
1272 3661 1338 3709 etat
1348 3661 1439 3710 restra
1449 3656 1564 3723 negotia
1573 3664 1743 3728 agentesapa·

117 3742 257 3812 spirituali
275 3743 457 3797 meditatione
470 3741 577 3811 jugiter
587 3748 750 3810 creenpatam
767 3741 920 3811 t'uturaspo
961 3742 1063 3797 remini
1078 3742 1208 3799 manibus
1219 3744 1318 3797 restris
1334 3751 1362 3797 et
1376 3744 1493 3799 honeste
1509 3745 1660 3801 ambuletis
1672 3746 1742 3799 adeor

119 3831 387 3901 etoontemplatione
396 3829 917 3900 repromissarboatitudiniserigamus.
962 3829 1009 3898 qui
1019 3830 1088 3885 soris
1101 3838 1167 3886 sunt
1177 3832 1321 3887 etnullina
1331 3832 1436 3903 aliquid
1447 3833 1615 3891 desideretis
1624 3837 1664 3901 (ll
1671 3824 1740 3891 Thes.

119 3921 178 3975 lice
193 3920 268 3975 sirim
280 3920 363 3975 ruodo
384 3919 514 3974 universa
537 3919 717 3974 tristitiarum
734 3934 839 3985 genera
862 3918 919 3971 sire
960 3935 990 3977 ιι,
1001 3919 1034 3983 l).
1049 3946 1059 3967 ι
1072 3920 1144 3975 Nam
1161 3938 1230 3990 qnos
1246 3921 1329 3977 etiarm
1349 3921 1525 3977 inordinatos
1537 3940 1570 3977 ac
1581 3923 1739 3979 rebellarun-

118 4025 223 4078 quaer
241 4007 409 4077 prraecedenti
427 4007 468 4061 ira
486 4007 668 4071 descendunt,
685 4007 742 4060 sire
757 4023 818 4076 qum
836 4006 920 4061 amis·
960 4012 1011 4070 tat,
1027 4007 1063 4061 ab
1078 4008 1121 4062 his
1136 4009 1276 4063 studioses
1292 4027 1416 4087 quosque
1437 4013 1581 4081 sigimari
1597 4012 1738 4082 precipiens

119 4096 196 4151 sione
211 4095 281 4150 lucri
298 4097 338 4149 rel
355 4095 518 4151 detrimenti
533 4095 604 4149 libati
624 4095 703 4155 nobis
725 4095 848 4156 sortiunt,
868 4112 918 4151 seu
959 4095 1027 4150 dicit
1043 4112 1048 4147 ι
1069 4097 1297 4151 «Denuntiamus
1311 4103 1406 4152 autem
1431 4098 1517 4159 robis,
1533 4099 1645 4163 fratres,
1663 4099 1688 4153 in
1700 4112 1737 4153 oe·

118 4184 161 4240 vel
174 4184 299 4253 irrogata
307 4191 480 4252 generantur
494 4183 607 4253 injuria,
624 4184 680 4239 sire
696 4202 756 4253 quse
766 4183 916 4239 irrationa-
959 4184 1034 4239 mine
1049 4184 1160 4241 Domini
1173 4184 1262 4240 nostri
1276 4186 1290 4239 J
1293 4202 1341 4239 esu
1357 4185 1471 4248 Christi.
1487 4194 1520 4241 nt
1533 4187 1736 4245 subtrahebatur

117 4271 166 4327 bili
181 4274 284 4327 ruentis
299 4272 460 4327 contusione
475 4273 638 4342 procedunt,
654 4290 703 4327 seu
714 4273 917 4342 quaeletbalem
959 4272 994 4325 ab
1008 4272 1084 4327 ornni
1099 4272 1186 4327 fratre
1212 4273 1369 4328 inordinate
1385 4279 1414 4329 et
1439 4274 1565 4345 inquieta
1587 4276 1733 4333 minutam

117 4362 340 4432 desperationem
352 4360 434 4417 nobis
445 4361 588 4424 inducunt,
597 4360 751 4415 valebimus
763 4378 914 4431 superare:
958 4367 987 4414 et
1010 4377 1065 4417 non
1087 4361 1241 4417 seeundum
1269 4363 1449 4422 traditionem
1471 4381 1557 4434 quam
1580 4363 1734 4435 raspista·

117 4456 368 4505 cumexternarunr
378 4466 512 4507 rernruao
522 4449 794 4505 t'utururumintuitu
806 4466 917 4519 semper
958 4447 1038 4503 nobis
1051 4451 1093 4514 (Il
1110 4450 1197 4503 Tiress.
1214 4466 1252 4515 m,
1275 4449 1312 4518 6).
1330 4469 1341 4502 ι
1360 4450 1395 4504 Et
1409 4467 1470 4521 quse
1485 4450 1571 4507 luerit
1584 4453 1632 4507 illa
1644 4448 1734 4507 traditis

117 4537 172 4593 iaeti
187 4546 271 4608 atque
285 4538 443 4593 immobiles
458 4538 652 4608 perdurantes,
674 4554 725 4591 nec
744 4536 854 4591 casibus
871 4538 918 4591 de·
957 4536 1087 4608 protinus
1100 4536 1362 4606 subjunxitdicens:
1381 4558 1395 4591 ι
1411 4540 1468 4609 Ipsi
1479 4539 1555 4597 enim
1570 4542 1644 4596 scitis
1656 4555 1733 4610 quen·

113 4627 181 4695 jecti
197 4626 390 4696 presentibus,
400 4643 450 4683 trec
460 4626 601 4697 prosperis
615 4625 916 4689 lirerimnseiatimtra·
958 4626 1109 4683 admodum
1130 4631 1259 4698 operteat
1281 4627 1386 4683 imitari
1402 4643 1454 4683 nes
1470 4648 1475 4681 :
1493 4630 1625 4699 qnoniam
1644 4644 1691 4683 noo
1702 4626 1732 4681 iu

117 4731 171 4784 qne
181 4715 256 4771 reiut
265 4716 370 4771 caduca
383 4720 483 4771 etmos
494 4715 670 4771 transeuntia
684 4714 914 4784 contemplantes.
958 4715 1045 4785 quieti
1060 4714 1164 4771 suimus
1178 4716 1252 4772 inter
1261 4732 1318 4780 ros,
1333 4732 1425 4786 neque
1439 4733 1543 4789 panem
1556 4715 1684 4787 gratissi
1696 4711 1732 4767 ali

958 4822 1013 4874 qna
1026 4805 1267 4870 rrranducarimus,
1282 4804 1331 4859 sed
1346 4805 1375 4859 in
1390 4804 1486 4861 labore
1504 4811 1535 4861 et
1551 4806 1579 4863 in
1594 4803 1732 4877 anginas

957 4900 1038 4949 nocte
1051 4898 1080 4947 et
1094 4893 1139 4947 die
1153 4900 1311 4964 operantes,
1325 4910 1361 4947 ne
1374 4894 1499 4965 aliquem
1513 4900 1634 4951 restrum
1652 4905 1730 4964 gnit-

153 4983 288 5039 (letarum
307 4997 373 5050 ergo
388 4999 419 5035 ae
441 4981 622 5038 novissimum
644 4988 705 5035 msto
720 4981 917 5053 principalium
958 4999 1061 5047 remus,
1079 4999 1136 5037 non
1155 4983 1236 5052 qnasi
1260 4999 1316 5037 non
1333 4982 1501 5039 haberemus
1516 4976 1728 5055 penarense

118 5072 248 5127 vitiorum
270 5070 345 5125 rirus
366 5077 408 5125 est
421 5070 527 5134 acedia,
543 5087 593 5139 per
614 5087 698 5140 quam
719 5077 798 5139 tepor
813 5069 914 5123 ruentis
956 5077 988 5125 ut
1010 5071 1197 5141 rrosrrretipsos
1219 5072 1337 5125 torruam
1351 5072 1485 5127 duremus
1498 5072 1575 5128 robis
1595 5073 1629 5128 ad
1642 5070 1727 5125 imitar

117 5166 145 5213 et
159 5159 292 5228 segnities
303 5159 385 5213 naria
399 5159 497 5223 oritur,
510 5175 571 5228 qiua
586 5159 726 5213 hominem
737 5158 864 5213 inutilem
879 5158 915 5211 ad
956 5160 1023 5214 dum
1040 5176 1091 5215 nos
1107 5161 1199 5224 libid,
1209 5176 1233 5213 a.
1242 5157 1279 5226 i).
1295 5178 1308 5213 r
1322 5160 1419 5223 Qualis
1433 5177 1501 5231 ergo
1514 5155 1727 5217 itteestcnr'nts

118 5265 200 5303 omne
216 5265 286 5319 opus
300 5247 405 5302 burrum
422 5266 454 5301 uc
469 5248 617 5317 proclivem
633 5248 668 5301 ad
691 5247 836 5301 interitum
850 5246 915 5301 red·
956 5265 1009 5304 trus
1023 5249 1071 5318 riui
1087 5265 1151 5303 curn
1166 5264 1249 5305 ruane
1262 5266 1279 5301 a
1296 5249 1366 5305 lecto
1384 5249 1530 5307 ebrietatis
1554 5268 1610 5307 suar
1623 5260 1725 5305 surrelr
1788 5242 1791 5305 i

117 5335 171 5391 dit.
194 5336 271 5391 Unda
299 5337 516 5406 scriptumest:
539 5357 549 5387 ι
575 5335 708 5392 Otiositns
730 5335 845 5391 inimica
871 5339 915 5389 est
955 5336 1001 5403 rit,
1017 5353 1073 5391 non
1101 5336 1196 5409 aliquo
1221 5336 1299 5407 operi
1324 5337 1387 5391 utili
1410 5337 1527 5403 insistit,
1542 5355 1599 5397 uon
1617 5331 1725 5393 arisel*
1787 5308 1791 5383 i

119 5424 258 5487 anirum»
282 5442 367 5495 qnam
382 5425 512 5481 inimicus
533 5425 619 5481 totius
637 5424 702 5480 boni
719 5424 846 5479 diabolus
865 5441 915 5494 per
955 5425 1026 5480 siam
1041 5424 1367 5489 orahoniscausaradit,
1385 5441 1444 5481 non
1457 5426 1493 5484 ad
1508 5424 1671 5485 audiendum
1682 5432 1724 5473 Ν·
1788 5421 1791 5505 J

119 5519 305 5571 muneratum
320 5514 421 5573 acedia
431 5514 560 5573 morbum
572 5514 679 5576 bmnini
690 5514 811 5584 ingerit:
828 5513 869 5571 ita
883 5520 916 5569 nt
955 5512 1021 5567 bum
1038 5511 1090 5569 ilai
1105 5513 1326 5577 concurritnou
1340 5504 1722 5593 dmmoapnasaparasrtrtib
1788 5516 1791 5569 i

444 4860 478 4910 br
493 4859 595 4912 acutia.
