3772 6120
115 340 168 402 489
418 338 450 394 ll.
471 335 608 394 RABle
626 334 743 392 neum
760 336 930 394 Ancum.
950 333 1113 393 abeunt.
1133 330 1284 391 OPERUH
1301 329 1395 388 PARS
1412 329 1454 388 111
1705 327 1759 388 lid

117 480 284 524 moveamur
293 462 594 535 tranquillitatemque,
619 461 723 517 mentis
746 461 823 517 velut
845 460 1003 523 lenisAsui
1026 459 1119 514 facere
1136 457 1347 531 cogitationem,
1376 457 1449 513 banc
1462 456 1487 512 st
1500 458 1531 514 in
1553 455 1639 511 corde
1660 460 1761 511 metro

118 554 246 628 quaedam
262 548 511 607 auraconturbet:
527 566 707 621 nequaquam
721 555 818 606 tamen
841 550 919 604 intu-
958 552 1118 620 susceptam
1126 545 1310 603 nutrierimus
1322 545 1492 602 intrinsecus
1500 549 1530 601 et
1546 559 1673 600 messere
1685 542 1763 599 fece·

118 647 228 699 mentes
240 639 367 712 gurgites
380 638 484 694 suroris
501 638 610 710 impetu
630 638 818 695 sublevemur.
835 639 919 707 (Alb.)
960 637 1059 704 rimus,
1074 653 1139 692 cum
1152 634 1475 707 innobisprolemsuam
1484 639 1597 690 auctam
1605 631 1719 698 viderit,
1732 636 1764 687 et

120 729 175 787 Sed
192 728 319 785 formans
332 727 368 782 de
382 733 503 800 utroque
515 727 569 783 hoc
589 728 650 783 loco
671 726 791 799 intelligi
804 732 918 799 potest:
961 726 1021 799 ipse
1029 725 1146 781 audebit
1154 725 1271 781 intrare.
1283 724 1411 796 Denique
1420 724 1450 779 in
1468 723 1548 779 lude
1556 720 1697 778 iscarioth
1714 736 1764 776 eor
1791 766 1794 771 .

119 818 187 891 quia
200 833 250 889 per
261 816 335 873 vices
345 817 390 872 ira
402 816 532 887 magistri
546 816 662 888 prodest
677 815 824 888 discipulo,
836 823 866 870 ct
878 815 921 871 ira
961 812 1669 887 primamjecitsagittam,uttrederetSalratorem;
1677 825 1764 881 quem

118 906 207 980 petris
221 905 315 962 erudit
328 905 419 961 illium
435 904 525 976 magis
540 921 624 976 quam
645 905 737 960 soluta
759 903 918 960 blandities.
960 903 985 957 si
1008 908 1152 974 exceptam
1176 902 1224 957 ille
1252 900 1420 957 miserabilis
1448 918 1505 956 non
1532 899 1658 963 fovisset,
1688 913 1764 953 nun·

120 996 167 1052 Ira
180 993 289 1050 bomini
302 993 918 1065 naturalisadirascendumpropterpeccata,
961 1008 1046 1064 quam
1060 997 1125 1063 post
1139 986 1288 1046 intinctum
1302 1006 1405 1062 panem
1422 990 1452 1045 in
1471 988 1653 1062 paropsidem
1661 986 1764 1041 intras·

98 1088 150 1140 .et
163 1083 301 1149 voluntas,
317 1089 351 1138 ut
363 1082 542 1154 concupiscat
554 1082 659 1137 bonum
675 1102 682 1137 ε
697 1082 747 1137 sed
766 1080 849 1136 ambo
863 1082 921 1136 brec
960 1086 1005 1135 sat
1018 1081 1048 1135 in
1070 1079 1151 1134 illum
1169 1080 1289 1135 Satanm
1305 1079 1394 1153 (loon.
1408 1080 1475 1148 xm).
1491 1077 1639 1148 Simulque
1659 1080 1690 1130 et
1711 1075 1764 1131 hoc

121 1172 197 1228 ratio
212 1172 293 1244 quasi
309 1171 434 1237 domina,
453 1187 515 1242 qure
538 1170 661 1227 dataest
683 1171 801 1237 bomini,
816 1176 922 1242 tempe-
961 1168 1112 1240 diligenter
1124 1168 1270 1235 attendite,
1296 1167 1371 1240 quod
1396 1183 1453 1222 non
1475 1166 1616 1222 invenerit
1633 1162 1764 1219 diabolus

121 1276 186 1316 rare
195 1259 287 1327 debet,
297 1276 333 1315 ne
343 1260 427 1325 ultra,
442 1275 527 1332 quam
538 1260 690 1315 necessitas
706 1261 808 1332 exiget,
827 1265 921 1315 trans·
961 1254 1054 1313 locum
1068 1257 1230 1313 introeundi
1244 1258 1274 1311 in
1287 1257 1400 1322 ludam,
1415 1257 1497 1327 cujus
1509 1260 1608 1328 pectus
1619 1255 1682 1325 jam
1696 1259 1764 1308 ante

120 1354 177 1405 eat.
191 1349 258 1405 Ideo
267 1348 433 1405 subsecutus
443 1349 484 1403 ait
495 1367 501 1402 :
514 1347 560 1403 Sol
576 1365 632 1404 non
643 1350 748 1404 occidat
761 1364 844 1419 super
861 1351 922 1404 iro·
963 1352 1148 1419 percusserat,
1160 1346 1215 1401 nisi
1230 1346 1261 1401 in
1275 1344 1400 1401 convivio
1411 1344 1582 1411 Salvatoris3
1607 1343 1677 1415 quia
1695 1347 1764 1398 tunc

122 1438 395 1493 candiamvestrom.
408 1438 504 1508 (Aug.)
516 1436 637 1491 Proinde
648 1438 781 1510 pracepit
792 1436 838 1492 hic
847 1438 923 1508 Apo-
963 1436 1007 1491 vel
1025 1435 1145 1491 maxime
1168 1434 1199 1490 in
1222 1439 1391 1507 potestatem
1414 1434 1441 1489 ei
1455 1434 1566 1499 damur,
1584 1432 1699 1505 quando
1714 1448 1766 1487 nec

123 1526 213 1581 stolus
226 1543 263 1581 ne
274 1526 316 1581 sol
331 1525 450 1581 rationis
464 1530 580 1598 propter
586 1526 764 1581 nimietatem
772 1526 821 1581 irae
827 1526 924 1581 obscu-
964 1524 1150 1589 humanitate,
1166 1540 1219 1579 nec
1232 1523 1391 1587 clementia,
1406 1539 1458 1578 nec
1471 1521 1691 1578 mansuetudine
1704 1522 1767 1592 ejus

122 1620 211 1681 retur,
230 1620 260 1670 et
280 1614 370 1686 plena
385 1614 478 1671 cardis
490 1614 614 1670 tenebris
627 1615 779 1671 iracundie
800 1615 924 1670 involva-
963 1612 1111 1681 vincirem,
1128 1629 1212 1685 quem
1226 1613 1337 1668 odimus
1351 1612 1476 1684 indigne.
1502 1612 1575 1667 Huic
1595 1611 1672 1683 quod
1691 1626 1767 1666 nunc

122 1709 180 1761 tur.
196 1703 369 1775 Intelligitur
382 1703 497 1775 quidem
511 1703 666 1759 secundum
678 1709 801 1776 tempus,
817 1703 924 1777 quiesi
964 1701 1092 1774 precipit
1107 1720 1113 1755 :
1130 1703 1221 1771 Neque
1236 1705 1326 1757 locrcm
1341 1703 1409 1756 detis
1429 1703 1547 1766 diabolo,
1571 1700 1641 1755 illud
1662 1700 1700 1756 de
1720 1700 1769 1756 Eo·

123 1808 158 1849 ex
172 1792 235 1865 ipse
248 1791 409 1850 conditione
424 1797 453 1848 et
465 1793 632 1849 infirmitate
641 1793 831 1859 mortalitatis,
840 1779 1095 1864 quachlesiaste
1110 1796 1291 1863 comparatur
1306 1808 1313 1844 :
1327 1791 1360 1847 Si
1368 1794 1486 1860 spiritus
1499 1795 1660 1860 potestatem
1668 1790 1769 1845 baben-

124 1888 279 1954 portamus,
303 1880 425 1953 subripit
447 1881 491 1936 ira
511 1880 681 1950 christiano,
696 1898 754 1937 non
776 1880 860 1937 debet
877 1882 927 1937 diu
967 1883 1002 1935 tir
1016 1880 1170 1935 mcenderit
1183 1895 1265 1949 sapor
1280 1885 1313 1943 te,
1331 1883 1421 1935 locum
1444 1885 1525 1934 tatem
1547 1895 1582 1934 no
1609 1879 1718 1934 maeres
1744 1881 1770 1933 ci

124 1969 216 2027 teneri
227 1976 257 2026 et
268 1970 330 2025 deri
346 1969 485 2042 pridiana.
500 1969 578 2041 Ejice
593 1971 671 2026 illam
685 1970 720 2026 de
744 1970 827 2024 corde
849 1975 927 2026 ante·
968 1970 1063 2035 (docte.
1077 1972 1105 2038 x)
1119 1987 1125 2036 ;
1141 1968 1188 2023 ille
1202 1966 1341 2040 superbus
1360 1976 1389 2023 et
1401 1967 1569 2023 temerarius
1589 1967 1651 2023 vult
1670 1982 1769 2023 meen-

125 2074 211 2132 quam
233 2058 342 2114 occidat
357 2058 405 2113 lux
427 2058 483 2114 ista
504 2057 631 2128 visibilis,
655 2075 690 2114 ne
713 2063 743 2114 te
756 2059 927 2115 deseratlux
966 2058 1043 2125 dere,
1059 2057 1119 2112 vult
1133 2057 1419 2121 subire,sedetiamsi
1433 2062 1463 2112 te
1477 2072 1644 2129 oppressum
1654 2061 1770 2128 putare-

125 2147 176 2203 illa
189 2147 344 2203 invisibilis.
354 2148 409 2203 Sed
419 2154 449 2203 et
457 2148 541 2203 aliter
550 2147 652 2203 melius
665 2148 843 2219 intelligitur,
860 2147 927 2219 quia
968 2147 1015 2214 rit,
1031 2153 1061 2202 et
1073 2164 1104 2202 se
1117 2147 1258 2214 extulerit,
1275 2152 1306 2202 tu
1320 2146 1472 2203 retinueris
1486 2146 1534 2217 [ne
1546 2145 1672 2216 dederis]
1677 2145 1770 2201 locum

127 2241 224 2293 noster
233 2237 399 2307 soliustitiaa
408 2242 438 2293 et
446 2237 572 2293 veritatis
581 2237 711 2293 Christus
719 2243 772 2305 est,
785 2238 866 2308 cujus
880 2253 927 2292 ve·
967 2242 1063 2291 tuum:
1076 2242 1200 2307 potestas
1212 2236 1316 2308 quippe
1326 2234 1430 2291 diaboli
1447 2251 1503 2290 non
1519 2235 1549 2290 in
1560 2234 1726 2290 temeritate
1738 2233 1771 2288 il·

128 2325 213 2382 ritate
227 2325 323 2381 anima
336 2325 462 2382 humana
474 2326 643 2393 illustratur,
658 2326 693 2381 ad
709 2342 794 2398 quem
803 2325 929 2397 gaudent
968 2325 1023 2380 lius
1037 2330 1122 2396 atque
1129 2325 1275 2396 jactantia,
1291 2325 1341 2380 sed
1354 2325 1383 2380 in
1395 2324 1662 2379 tuaestvoluntate.
1677 2323 1772 2394 (Aoo.)

128 2413 240 2486 angeli3
256 2413 510 2471 hominumautem
523 2414 672 2471 inssrmatae
686 2415 761 2469 acies
773 2413 928 2469 cordisetsi
969 2414 1044 2470 Dant
1066 2414 1404 2469 autemlooumbomines
1429 2412 1541 2468 diabolo
1569 2428 1603 2468 ex
1636 2411 1770 2483 concupi-

127 2503 273 2576 trepidant
287 2502 339 2558 sub
355 2504 442 2558 radiis
455 2504 527 2574 ejus,
547 2503 584 2558 ad
603 2518 669 2558 eum
687 2509 784 2559 tamen
802 2508 929 2558 oontem-
970 2501 1083 2558 scentiis
1097 2503 1155 2558 suis
1172 2521 1178 2556 :
1195 2519 1253 2558 non
1267 2503 1343 2558 enim
1357 2503 1454 2558 vident
1474 2500 1620 2558 diabolum
1642 2499 1772 2557 homines

130 2590 266 2663 plaudum
280 2607 332 2662 per
346 2591 482 2646 mandata
494 2597 661 2663 purgantur.
675 2591 746 2646 Cum
755 2592 815 2664 ipse
823 2593 865 2647 sol
873 2608 930 2646 coe·
970 2590 1774 2663 cumquopuguent,sediacilchabentremediumzseipsos

131 2680 207 2753 perit
220 2680 250 2734 in
263 2679 378 2733 bonine
391 2678 520 2735 habitare
534 2696 585 2751 per
598 2680 693 2749 fidem,
708 2696 765 2736 non
777 2686 887 2736 mntem
901 2681 930 2735 in
972 2680 1091 2735 interius
1104 2681 1226 2747 vincant,
1238 2680 1314 2736 etde
1326 2680 1454 2735 illoforis
1467 2679 1657 2751 triumphant.

131 2775 161 2824 te
172 2766 266 2822 rideat
282 2767 468 2834 iracundiam,
485 2784 546 2839 quae
560 2769 696 2835 nascitur,
712 2776 744 2825 ut
767 2769 875 2824 occidat
890 2769 932 2824 sol
1009 2770 1063 2837 Oui
1075 2771 1237 2838 sacrabatur,
1249 2772 1312 2840 jam
1325 2786 1382 2824 non
1394 2771 1517 2838 furetur,
1527 2772 1617 2838 inopis
1627 2774 1726 2824 autem
1735 2773 1774 2825 la·

132 2873 218 2929 super
240 2855 417 2912 iracundiam
435 2861 525 2924 tuam,
553 2857 582 2912 id
604 2862 657 2923 est,
677 2857 790 2913 deserat
803 2858 933 2913 Christus
974 2859 1192 2928 borctopercndo
1200 2860 1331 2913 manibus
1344 2862 1413 2924 suis,
1430 2859 1776 2913 athabeotandetmbuat

132 2950 258 3001 mentem
271 2950 361 3011 tuam,
377 2946 512 3017 quianon
524 2945 585 3000 vult
598 2945 726 3001 habitare
740 2963 806 3001 cum
824 2947 934 3002 iracun-
973 2950 1157 3002 necessitatem
1167 2950 1295 3016 patienti.
1308 2947 1447 3016 (Hieron.)
1463 2947 1536 3012 Quia
1550 2947 1581 3001 bi
1595 2947 1644 3018 qui
1663 2947 1694 3001 iu
1711 2947 1777 3003 vite

132 3035 180 3090 dia
192 3040 252 3090 tua.
265 3035 400 3106 (Hieron.)
412 3033 485 3100 Quia
494 3034 581 3105 igitur
590 3051 672 3090 verus
682 3036 733 3099 sol,
746 3035 820 3091 sicut
833 3036 935 3091 occidit
974 3035 1056 3090 istius
1070 3036 1190 3106 negotiis
1200 3042 1411 3101 conversantur,
1424 3041 1540 3108 propter
1548 3036 1778 3091 emolumentaet

132 3140 218 3196 super
232 3123 322 3178 malos
336 3123 497 3195 propbetas,
511 3124 593 3194 jtuta
606 3124 686 3193 illud,
703 3124 778 3195 quod
800 3108 1043 3197 scriptumCusos
1069 3124 1241 3180 necessarios
1260 3130 1401 3196 coguntur
1429 3125 1525 3196 aliqua
1542 3124 1586 3179 vel
1610 3140 1717 3191 amere,
1734 3124 1777 3180 rel

135 3218 180 3268 est
209 3232 218 3268 .·
242 3213 346 3269 Occidit
360 3215 401 3266 sot
424 3228 506 3282 super
521 3213 668 3282 propbetas
690 3219 790 3268 uestros
821 3216 935 3271 meridie
975 3214 1105 3280 vendere,
1116 3213 1272 3269 etlucrade
1280 3212 1601 3285 negotiationesectari3
1616 3218 1646 3268 et
1661 3213 1779 3269 difficile

135 3303 237 3371 (Amos.
248 3299 318 3373 vm),
330 3301 372 3355 ita
381 3300 468 3356 etiam
483 3301 586 3357 occidit
602 3318 688 3373 super
698 3318 797 3357 omnes
810 3308 936 3374 peccato·
977 3308 1021 3358 est
1035 3303 1120 3357 etiam
1134 3319 1192 3369 eos,
1201 3302 1250 3374 qui
1260 3319 1277 3357 a
1289 3303 1398 3358 caeteris
1409 3301 1586 3374 passionibus
1601 3300 1683 3357 liberi
1698 3307 1778 3369 sunt,

133 3406 188 3459 res,
200 3406 381 3461 nequaquam
391 3389 519 3446 eisortus
528 3390 573 3444 sui
582 3390 679 3446 lumen
688 3390 838 3462 indulgens
850 3411 856 3445 ε
868 3409 937 3464 prae-
977 3391 1195 3457 afornicatione‚
1205 3391 1344 3458 videlicet,
1355 3391 1524 3459 idololatria,
1531 3391 1670 3446 adulterio
1681 3396 1713 3446 et
1726 3391 1781 3447 bo-

133 3478 204 3551 eipit
216 3494 292 3533 nunc
304 3478 466 3550 Apostolus,
483 3494 519 3533 ne
539 3478 609 3533 talia
621 3479 758 3534 iaciamus
771 3480 866 3535 furore
887 3495 936 3536 su·
977 3479 1100 3545 micidio,
1114 3480 1166 3535 hoc
1178 3479 1245 3534 vitio
1259 3496 1315 3534 non
1321 3480 1421 3535 teneri.
1433 3480 1588 3552 Propterea
1597 3495 1672 3535 nanc
1688 3479 1782 3552 Ephe-

135 3566 236 3647 perati,
251 3583 303 3639 per
317 3583 380 3638 qure
391 3566 472 3622 nobis
485 3566 528 3621 sol
541 3566 658 3633 occidat,
674 3573 703 3622 et
715 3567 869 3641 principale
878 3586 938 3625 cor·
977 3568 1033 3623 sios
1047 3573 1153 3635 monet,
1170 3585 1205 3622 ne
1218 3568 1270 3622 sub
1284 3568 1427 3624 occasione
1440 3568 1624 3624 emolumenti
1636 3568 1708 3624 furti
1728 3569 1783 3625 eri·

135 3655 178 3711 dis
190 3654 317 3715 tenebris
332 3655 506 3710 obvolvatur.
518 3655 938 3730 Quidamputantsicaccipien·
978 3673 1043 3711 men
1056 3657 1221 3725 incurrant3
1237 3656 1345 3713 furtum
1365 3658 1514 3713 nominans
1537 3674 1621 3713 omne
1640 3656 1719 3729 quod
1740 3658 1782 3713 al·

136 3744 206 3800 dum
220 3743 274 3799 boc
288 3760 350 3800 esse
364 3743 540 3816 simpliciter,
555 3745 695 3816 quomodo
707 3751 738 3800 et
754 3746 824 3803 illud
844 3747 937 3818 quarti
978 3745 1066 3802 terius
1081 3745 1184 3801 damno
1200 3746 1353 3818 quaritur3
1366 3748 1477 3817 justum
1490 3752 1587 3802 autem
1601 3763 1672 3813 esse,
1682 3752 1784 3802 utma-

135 3822 249 3905 pnalmi,
258 3833 334 3888 unde
344 3833 468 3905 idipsum
482 3840 626 3905 sumptum
640 3835 765 3890 videtur:
775 3837 937 3904 Onedicita's
978 3833 1060 3890 nibus
1074 3834 1133 3889 suis
1146 3835 1338 3907 unusquisque
1351 3852 1481 3907 operans,
1506 3839 1536 3890 ct
1556 3836 1661 3890 victum
1682 3834 1783 3892 labore

136 3923 935 3993 incordibusoertris,incubilibusocstm’soompungimim',
978 3923 1155 3995 conquirens,
1171 3924 1316 3995 impertiat
1334 3939 1391 3979 non
1405 3922 1583 3979 habentibus.
1599 3925 1698 3996 Neque
1712 3941 1782 3980 sero

137 4011 166 4066 id
186 4016 239 4078 est,
255 4026 429 4082 quaecunque
452 4010 482 4065 in
505 4010 934 4082 dievelopere,velse1mone,
978 4013 1027 4077 ait,
1044 4016 1133 4082 magis
1150 4018 1242 4068 aarum
1268 4014 1370 4068 laboret
1398 4016 1536 4082 operando
1557 4016 1689 4069 amnibus
1709 4016 1782 4075 suis.

135 4099 179 4153 vel
193 4097 364 4170 cogitatione
377 4099 580 4169 peccatis,haec
595 4100 761 4155 succedente
771 4099 936 4171 pomanus
978 4103 1049 4171 qaod
1072 4104 1174 4156 bonurn
1188 4107 1235 4165 ert,
1252 4107 1284 4157 ut
1302 4118 1359 4157 non
1372 4101 1500 4173 indigeat
1513 4101 1784 4159 etbabeatvietum

135 4191 254 4259 purgate
274 4203 325 4259 per
346 4191 458 4241 noctem
477 4193 506 4241 et
528 4186 572 4241 ira
585 4188 623 4242 sit
637 4187 736 4255 brevis,
752 4204 803 4243 nec
817 4190 846 4244 in
860 4189 937 4244 diem
977 4189 1177 4260 indigentibus,
1193 4195 1223 4244 et
1235 4190 1305 4245 nulli
1320 4190 1480 4246 molestiam
1493 4190 1692 4260 exhibeat,sed
1705 4191 1784 4249 labo-

135 4275 290 4331 crastinum
310 4274 467 4331 differatur.
493 4276 583 4345 Neque
609 4279 700 4331 locam
726 4278 793 4331 darc
817 4279 934 4333 diabolo.
977 4284 1031 4346 ret,
1045 4278 1146 4350 inquit,
1162 4278 1292 4334 manibus
1306 4281 1375 4346 suis,
1391 4280 1466 4352 quod
1480 4278 1587 4335 bonum
1601 4286 1654 4346 est,
1668 4287 1703 4335 ut
1733 4282 1786 4337 ba·

135 4363 340 4436 (limbrilram
353 4365 475 4420 transire
490 4365 560 4431 vult,
576 4381 627 4420 nec
642 4366 758 4422 retineri
772 4366 802 4422 in
812 4372 934 4439 pectore,
978 4369 1133 4433 bastando
1144 4371 1325 4423 communicet
1339 4370 1537 4438 indigentiam.
1558 4369 1613 4434 Qui
1633 4369 1725 4441 igitur
1742 4371 1782 4426 ad

83 4528 92 4545 ι
135 4461 169 4511 ut
181 4454 227 4511 die
239 4460 303 4511 orta
314 4471 379 4511 cum
392 4454 577 4510 diedecidat:
592 4454 692 4526 quiesi
709 4456 737 4509 in
745 4456 839 4511 animo
855 4429 1031 4512 man-Dhoc
1044 4461 1156 4512 tantum
1170 4454 1289 4522 laborem,
1306 4462 1339 4511 ut
1347 4456 1408 4529 ipse
1419 4474 1476 4512 non
1485 4463 1576 4528 egeat,
1587 4463 1617 4512 et
1638 4474 1657 4512 a
1670 4460 1784 4515 caetems

137 4544 216 4609 sarit,
228 4544 278 4599 dat
285 4545 460 4601 occasionem
469 4543 580 4600 diabolo
592 4544 750 4615 gloriandi:
768 4562 881 4601 necesse
894 4553 939 4602 est
977 4546 1118 4602 contrabit
1131 4561 1247 4601 manum
1263 4565 1269 4601 :
1286 4545 1416 4616 quamvis
1430 4546 1584 4618 applaudat
1604 4545 1667 4613 sibi,
1680 4553 1783 4605 tamen

136 4633 314 4688 ammiratus
328 4634 440 4689 animus
450 4634 526 4689 mala
538 4634 652 4705 cogitet,
668 4634 744 4706 quod
754 4634 937 4707 cupitdiabo·
976 4635 1104 4707 Apostoli
1113 4639 1252 4706 precepta
1258 4650 1315 4689 non
1325 4634 1399 4690 fecit.
1413 4635 1782 4709 (Ambr.iNonsolume1go

136 4720 199 4774 lus:
216 4720 324 4774 invenit
337 4723 414 4776 enim
428 4729 552 4778 mentem
566 4728 676 4795 partam
698 4723 734 4777 ad
758 4725 874 4789 malum,
890 4723 937 4779 cui
977 4724 1432 4780 Christianusalienanontollere
1441 4723 1567 4795 jubetur,
1582 4724 1632 4780 sed
1649 4730 1679 4779 et
1692 4725 1783 4781 dela·

137 4824 168 4863 se
181 4808 309 4863 inserens
323 4809 423 4865 aflectu
434 4826 486 4866 suo
499 4811 604 4884 decipit
619 4812 763 4868 bominem
777 4812 881 4868 iactum
900 4812 936 4867 ad
977 4812 1044 4868 bore
1071 4829 1122 4867 suo
1144 4813 1292 4884 penuriam
1310 4812 1481 4884 patientibus
1495 4812 1722 4881 subministrare,
1749 4822 1784 4871 ut

136 4895 732 4970 vitam,quiabominiacogitareest,diaboli
742 4901 868 4973 implere.
880 4902 935 4956 No-
976 4900 1057 4956 bonis
1071 4900 1202 4973 operibus
1215 4900 1337 4966 deditus
1358 4901 1496 4972 rependat
1512 4918 1575 4973 quae
1589 4902 1668 4974 prius
1685 4902 1784 4960 abstu-

138 4988 185 5042 lr'tc
195 4985 302 5058 itaque,
311 4985 459 5053 sitieram
468 4990 934 5062 darcdiaboto,(liieron.1quitan-
974 4988 1056 5056 ierat,
1069 4989 1146 5045 etde
1164 4996 1264 5045 caetero
1277 4989 1507 5045 thesaurizetsibi
1516 4990 1547 5044 in
1568 4990 1708 5046 futurum.
1724 4991 1782 5057 Qui

136 5090 222 5146 quam
232 5074 277 5130 leo
285 5075 400 5147 rugiens
411 5076 512 5146 quaerit
525 5077 634 5133 aditum
646 5095 698 5151 per
708 5078 933 5150 quempossitir·
974 5078 1050 5133 enim
1069 5084 1195 5134 cessata
1216 5078 1301 5143 furto,
1330 5079 1441 5133 venium
1463 5085 1557 5151 potest
1582 5079 1697 5148 babere,
1717 5097 1778 5138 nou

135 5179 276 5236 rumpere.
291 5165 395 5237 (ll’ctr.
412 5166 439 5232 v)
456 5164 600 5228 Quomodo
616 5168 692 5223 enim
704 5168 789 5222 Pater
802 5173 832 5222 et
845 5166 934 5222 Filius
973 5167 1102 5237 gloriam.
1114 5167 1187 5232 Quid
1199 5169 1275 5222 enim
1284 5183 1418 5238 magnum
1428 5175 1478 5222 aut
1488 5169 1569 5239 cujus
1579 5168 1672 5223 meriti
1683 5174 1730 5225 est
1741 5169 1780 5226 ab

136 5258 215 5308 stant
223 5259 290 5308 ante
303 5254 407 5309 ostium
414 5257 443 5308 et
456 5252 577 5324 pulsant,
588 5262 621 5309 ut
629 5256 772 5313 introeant
786 5261 816 5311 et
824 5260 936 5312 coenent
975 5256 1074 5311 alicnis
1088 5261 1247 5328 temperare
1257 5255 1270 5311 i
1280 5257 1316 5312 ad
1329 5257 1462 5312 meritum
1476 5257 1552 5312 enim
1572 5257 1694 5329 proiicit,
1711 5275 1778 5316 eum

136 5356 201 5396 cum
217 5357 261 5407 eo,
270 5343 356 5414 quise
370 5342 518 5415 receperit,
532 5342 573 5397 ita
586 5351 615 5398 et
629 5345 805 5402 adversarius
823 5362 936 5417 semper
976 5345 1039 5416 quis
1048 5345 1083 5400 de
1094 5346 1208 5417 proprio
1217 5345 1319 5401 tribuit
1333 5346 1439 5416 egenis.
1457 5347 1593 5415 (Hieron.)
1609 5346 1709 5402 Potest
1727 5362 1778 5404 au·

134 5429 165 5485 in
177 5443 230 5484 nos
242 5436 287 5485 eat
298 5436 413 5502 paratus
422 5431 589 5503 irrumpere,
604 5437 633 5486 ct
650 5448 714 5489 cum
726 5433 936 5493 locumdederi·
976 5440 1034 5488 tem
1044 5441 1074 5489 et
1086 5434 1159 5488 alius
1167 5434 1297 5505 intelligi,
1313 5439 1362 5503 qui
1376 5436 1531 5504 serebatur
1546 5437 1607 5505 jorn
1624 5451 1681 5490 non
1695 5437 1777 5504 (aro-

134 5532 207 5585 mus,
217 5518 383 5588 ingreditur.
395 5520 473 5576 Solet
486 5527 581 5575 autem
588 5527 741 5593 antequam
750 5525 844 5580 veniat
858 5541 932 5596 qure-
976 5528 1032 5588 tur,
1051 5528 1080 5578 et
1094 5523 1201 5595 reliqua
1213 5542 1221 5590 ;
1232 5528 1348 5594 propter
1362 5523 1432 5577 illud
1446 5523 1521 5595 quod
1530 5523 1667 5596 scriptum
1681 5529 1728 5579 est
1740 5526 1777 5582 de

132 5605 200 5663 dam
212 5606 309 5681 jacula
323 5607 503 5683 preamittem,
519 5616 550 5665 et
569 5625 770 5683 precursorem
793 5613 930 5670 adventus
971 5611 1232 5684 pseudoprophetis,
1249 5611 1296 5682 qui
1310 5613 1596 5680 surantarsermones
1612 5613 1664 5669 Ilei
1685 5629 1778 5683 saar:
