3772 6120
129 316 172 373 tlt
346 314 638 374 unanimanti
651 317 691 374 ΙΝ
706 316 784 374 ΕΡΡ.
799 316 907 374 reum
921 316 990 375 tlt.
1007 316 1107 374 xvm.
1122 347 1156 361 -
1177 318 1217 375 IN
1237 315 1348 375 EPIST.
1362 316 1413 374 AD
1425 315 1550 375 EPHES.
1717 319 1770 380 ut
1864 404 1869 411 ι

129 443 236 512 qntsqrie
248 455 268 494 a
280 443 416 510 proaimo
429 457 477 495 sno
492 442 558 507 (lar.
570 439 663 511 nu1);
675 443 744 498 etin
756 443 905 514 Evangelio
921 461 927 496 :
939 445 959 502 Α
969 458 1055 514 quam
1065 443 1095 498 in
1105 444 1218 499 exordio
1228 442 1334 499 conditi
1348 443 1615 514 sumusfflsmns.)
1627 444 1693 500 Dies
1703 461 1769 501 vero

130 530 220 585 θιινιιε
234 532 287 599 qui
300 534 441 584 ornarant
454 533 518 583 onte
535 546 578 584 mc
592 531 668 598 {ures
688 537 755 586 sunt
768 537 793 586 et
808 536 928 588 latrones
969 531 1171 604 redemptionis
1181 539 1294 599 nostrae,
1302 531 1395 604 inquo
1406 538 1581 587 samamento
1591 531 1770 604 baptismatis

129 620 269 685 (loan.1);
286 623 318 672 et
332 618 369 672 ad
383 618 539 673 Romanos:
550 620 603 687 Oui
615 622 748 688 predicar
757 637 814 675 non
827 623 928 690 suran-
968 620 1106 693 redempti
1116 638 1214 677 sumus
1223 622 1337 693 Deoque
1349 621 1379 677 in
1393 621 1466 676 lilios
1475 621 1611 694 adoptati,
1622 623 1666 677 vel
1678 623 1765 678 etiam

128 708 198 775 deni,
214 708 429 776 {terramillam
441 710 480 778 u).
497 708 572 779 quod
586 707 663 763 furta
676 709 876 781 prohibeamur
888 710 927 765 sa·
968 709 1344 783 diesrcdemptionisnostrre
1351 710 1768 783 est,quandocorruptibilehoc

129 811 183 852 core
206 795 364 868 spiritalia.
388 797 487 868 Neque
507 791 583 852 erlim
607 797 659 853 hoc
680 799 754 869 quod
775 800 925 871 sequitur:
967 798 1091 854 induerit
1098 799 1347 872 incorruptionem,
1359 806 1389 855 et
1397 800 1515 855 mortale
1522 799 1574 855 boc
1583 799 1708 855 induerit
1716 800 1768 856 im·

130 886 209 953 ‚liceis
227 891 326 940 autem
347 886 451 940 laboret
470 888 607 956 operando
625 889 757 943 manibus
775 891 833 943 sari
855 891 928 959 quod
967 887 1194 954 mortalitatemll
1202 888 1462 960 cor.xv}.[nmbr.]
1473 890 1545 944 Cum
1559 888 1630 944 bene
1644 889 1766 961 agimus,

130 976 224 1028 mnam
242 980 291 1039 est,
309 973 346 1028 ad
365 974 428 1028 vitae
447 974 532 1045 hujus
556 975 715 1030 necessaria
728 976 813 1047 digne
827 977 925 1032 reterri
965 977 1072 1047 gaudet
1084 977 1202 1032 in‘nobis
1216 978 1338 1050 Spiritus
1348 983 1462 1033 sanctus
1475 978 1558 1033 datus
1568 977 1658 1045 nobis,
1669 978 1767 1034 videns

130 1067 224 1136 potest,
240 1067 276 1118 ut
297 1061 405 1118 bonum
426 1063 536 1118 meatur
560 1064 746 1136 quodcunque
767 1066 926 1137 periturum
967 1066 1074 1120 monita
1083 1083 1135 1121 sua
1142 1068 1277 1139 prolicere
1286 1067 1456 1123 utilitatibus
1466 1067 1767 1133 nostris,sicutdictum

133 1159 173 1216 est,
184 1151 264 1206 etad
278 1167 472 1207 mammonam
481 1152 639 1224 iniquitatis
648 1154 780 1225 pertinet.
792 1155 926 1221 Quamvis
967 1155 1379 1225 caenominodvaqaudium
1389 1160 1481 1211 aritia
1490 1159 1767 1226 caiosupcrunopoc·
1818 1186 1822 1192 ·

134 1239 191 1294 alin
200 1239 461 1314 justuslaboropes
469 1240 572 1297 habeat
581 1241 686 1314 absque
695 1244 926 1315 tergiversatione
966 1245 1773 1318 estorepoenitentianimantellus.xviGaudetergoSpirim

136 1329 266 1401 quesitas,
276 1330 348 1386 satis
360 1328 484 1396 habebit,
495 1331 519 1386 si
532 1347 588 1386 non
600 1332 731 1388 dicantur
744 1333 860 1400 malum,
875 1349 926 1390 cae·
964 1339 1012 1390 tus
1024 1340 1138 1389 sanctus
1149 1334 1233 1390 saluti
1242 1340 1355 1401 nostra,
1372 1349 1429 1389 non
1443 1332 1506 1399 sibi,
1515 1335 1564 1405 qui
1575 1350 1632 1389 non
1645 1334 1763 1406 indiget,

137 1425 214 1472 levum
228 1416 336 1474 bonum
352 1435 409 1475 non
423 1419 517 1476 valent
529 1421 675 1493 appellari.
691 1421 781 1493 Igitur
792 1428 926 1494 operatur
966 1423 1075 1491 laetitia,
1087 1423 1341 1491 itaecontrario,si
1349 1423 1512 1478 obedientes
1521 1423 1547 1477 ei
1555 1438 1612 1478 non
1618 1423 1764 1489 fuerimus,

138 1506 235 1573 bouum
243 1508 294 1579 qui
301 1508 449 1564 declinata
456 1509 566 1564 maloet
573 1509 748 1566 faoitbonum
756 1517 925 1584 etoperatur
965 1513 1155 1579 contristatur,
1181 1513 1325 1583 quianon
1344 1511 1429 1567 habet
1448 1512 1603 1584 protectum
1624 1512 1653 1567 in
1673 1511 1764 1568 nobis.

140 1596 922 1672 inagroanimaesua,utspiritalibuspanibusimpleatur,
965 1601 1033 1656 Vult
1046 1601 1121 1656 enim
1137 1617 1189 1656 nos
1202 1600 1343 1672 pertinere
1364 1600 1400 1656 ad
1419 1600 1515 1665 vitam,
1531 1616 1588 1655 non
1606 1606 1702 1655 tumen
1723 1600 1764 1656 sic

141 1684 244 1757 etpossit
255 1685 437 1741 commodare
447 1687 925 1754 esurieut1,etneccssitatemsusti·
965 1690 1156 1757 contristatur,
1172 1695 1206 1744 ut
1219 1689 1354 1762 patiatur,
1371 1690 1474 1762 quippe
1494 1706 1559 1745 cum
1580 1689 1763 1761 impassibilis

142 1774 208 1840 muti,
217 1773 290 1829 dans
300 1775 330 1829 in
340 1780 469 1847 tempore
477 1775 584 1832 cibaria
596 1779 737 1833 conservis
746 1779 815 1834 suis.
829 1770 1017 1846 OmnisBsit3
1027 1779 1220 1835 sedcumeum
1228 1779 1426 1834 contristatum
1436 1779 1610 1846 dieit,nostri
1619 1794 1705 1834 eausa
1713 1779 1765 1834 hoc

143 1877 210 1917 amc
224 1867 317 1919 malus
332 1879 391 1919 non
405 1865 534 1934 procedot
547 1882 580 1920 en
593 1882 639 1921 ore
652 1873 748 1932 vestro,
765 1869 811 1922 scd
823 1872 849 1923 si
862 1871 924 1937 quis
964 1868 1113 1939 significat,
1125 1868 1194 1940 quia
1206 1868 1312 1922 deserit
1325 1883 1387 1934 nos,
1399 1883 1433 1922 eo
1443 1868 1517 1939 quod
1530 1868 1685 1924 laeserimus
1699 1884 1766 1923 eum

144 1952 471 2022 bamadaedificationam
480 1958 705 2023 opportunitatis,
713 1962 746 2011 nt
752 1958 923 2025 deigratiam
964 1958 1168 2014 contemnendo
1181 1957 1289 2012 monita
1303 1959 1375 2028 ejus.
1391 1957 1574 2012 Contristatio
1589 1957 1684 2029 itaque
1699 1957 1761 2029 ejus

143 2040 414 2097 avdimtidasiionus
423 2049 581 2111 sermoeat,
597 2044 646 2115 qui
659 2044 868 2101 docetvirtutes
882 2063 923 2100 se
963 2047 1118 2118 indignitas
1141 2051 1239 2102 nostra
1254 2052 1306 2114 est,
1322 2063 1385 2118 quae
1407 2045 1481 2101 lilios
1496 2062 1547 2101 nos
1565 2047 1616 2102 Dei
1635 2044 1766 2118 prohibet

144 2128 255 2200 quendas,
271 2129 342 2185 vitia
354 2130 497 2201 fugienda,
512 2132 605 2187 malus
616 2133 664 2204 qui
678 2134 714 2188 ad
729 2141 844 2205 peccata
856 2151 922 2207 pro·
963 2136 1109 2208 appellari.
1121 2137 1185 2207 lpse
1195 2142 1239 2191 est
1248 2135 1324 2190 enim
1335 2134 1456 2207 Spiritus
1470 2141 1593 2201 saneim,
1605 2135 1653 2206 qui
1662 2134 1765 2190 saneti

144 2223 209 2283 vocat,
222 2224 253 2274 et
264 2233 371 2291 pmnos
384 2219 477 2291 magis
489 2219 589 2276 incitat
601 2221 638 2276 ad
651 2222 776 2277 ruinam.
792 2224 922 2288 Quoties·
962 2225 1030 2280 licat
1042 2224 1115 2280 lilios
1133 2225 1184 2281 Dei
1199 2240 1316 2279 manens
1330 2225 1360 2280 in
1378 2223 1459 2279 nobis
1470 2223 1566 2296 (lap.)
1585 2224 1683 2295 Neque
1703 2223 1765 2294 ipsa

87 2314 91 2329 ¹
144 2320 239 2378 amque
253 2323 288 2362 ex
313 2324 445 2364 sermone
462 2315 559 2365 nostro
573 2309 646 2366 alius
666 2311 786 2383 prolicit,
801 2317 831 2368 et
841 2313 923 2383 juxte
963 2314 1085 2385 Spiritus
1098 2313 1197 2380 sancti,
1214 2329 1270 2384 qua
1279 2318 1332 2379 est,
1347 2312 1483 2384 quidquid
1493 2312 1552 2383 ipse
1565 2317 1617 2378 est,
1634 2310 1764 2366 substan-

144 2395 361 2466 opportunitatem
384 2397 448 2464 loci,
463 2398 600 2470 temporis
618 2404 648 2454 et
666 2417 793 2472 personae
804 2402 923 2457 adilleat
956 2402 1004 2457 -tis
1024 2403 1184 2457 conuistari
1200 2408 1302 2474 potest,
1317 2418 1383 2456 curn
1400 2401 1504 2456 habeat
1521 2406 1656 2455 aternam
1677 2405 1763 2471 atque

87 2554 91 2559 Ι
143 2483 277 2551 audientes,
293 2483 386 2541 bonus
409 2486 444 2542 da
466 2502 515 2542 ore
537 2493 634 2544 nostro
653 2505 746 2545 sermo
765 2491 919 2562 processit,
963 2491 1223 2577 ipcommutabilem
1242 2490 1457 2557 beatitudinem,
1481 2489 1626 2560 magisque
1643 2488 1681 2543 sit
1700 2489 1763 2560 ipsa

144 2573 232 2644 quoties
245 2590 313 2629 vero
323 2575 476 2647 loquimur,
487 2583 603 2633 autnon
612 2577 642 2633 in
651 2583 789 2650 tempore,
803 2585 854 2635 aut
867 2596 923 2636 non
964 2587 1069 2636 aterna
1084 2586 1114 2635 et
1127 2578 1365 2635 incommutabilis
1378 2578 1531 2645 beatitudo,
1539 2578 1588 2633 sed
1604 2578 1671 2649 quia
1681 2593 1699 2632 a
1708 2577 1763 2634 init

143 2660 327 2736 inopportuno
349 2664 421 2730 loco,
438 2672 561 2722 autnon
578 2673 612 2722 ut
632 2669 763 2723 convenit
783 2669 923 2724 audienti·
963 2670 1067 2725 sanctis
1078 2669 1196 2735 habitat,
1206 2674 1240 2723 ut
1248 2668 1422 2740 eosimpleat
1429 2667 1577 2735 charitate,
1587 2682 1644 2738 qua
1650 2683 1764 2722 necesse

141 2747 282 2818 tantoties
296 2769 391 2809 sermo
404 2753 497 2810 malus
509 2756 636 2827 procedit
656 2756 691 2811 de
706 2773 755 2812 ore
776 2764 872 2813 nosne
886 2760 922 2814 ad
963 2763 1007 2814 est
1029 2765 1062 2814 ut
1087 2759 1217 2813 homines
1236 2775 1269 2813 ex
1286 2763 1414 2828 tempore
1430 2756 1574 2828 gaudeant
1594 2755 1763 2827 profectibus

140 2836 341 2898 destructionem
363 2859 462 2898 eorum
485 2844 533 2916 qui
556 2845 685 2901 audiunt.
707 2846 923 2903 Consideremus
962 2848 1087 2903 bdelium
1103 2853 1132 2902 et
1145 2847 1225 2904 bonis
1239 2847 1380 2919 operibus,
1390 2846 1490 2902 etideo
1500 2861 1615 2900 necesse
1624 2845 1763 2899 eatetiam

138 2925 216 3001 itque
228 2931 296 3003 qnid
310 2931 472 3004 loquamur,
489 2933 557 3005 quia
571 2950 622 3006 pro
636 2936 713 2991 omni
728 2935 819 2991 otioso
838 2936 922 2992 verbo
962 2936 1165 2992 contristentur
1177 2936 1258 3009 lapsu
1276 2937 1319 2991 vel
1333 2935 1454 3008 peccetis
1474 2951 1573 2990 eorum
1591 2933 1626 2989 de
1641 2949 1761 3005 quorum

139 3016 256 3076 reddituri
277 3037 387 3088 sumus,
408 3022 547 3078 munnam
570 3024 599 3078 in
623 3024 669 3079 die
688 3024 788 3096 judicii
810 3027 920 3094 (Metti.
961 3026 1016 3081 ilde
1032 3042 1065 3081 ac
1083 3027 1188 3098 pietate
1207 3024 1378 3096 gaudebant,
1394 3042 1457 3097 quae
1478 3023 1596 3079 tristitia
1613 3021 1761 3078 laudabilis

139 3106 182 3174 m),
195 3108 303 3166 &amai
317 3126 376 3165 non
395 3110 539 3180 laedamus,
555 3129 612 3168 non
626 3119 723 3170 tamen
740 3115 918 3183 aedifloemus,
929 3094 950 3155 C
961 3122 1013 3181 est,
1026 3117 1091 3187 quin
1106 3116 1183 3170 venit
1196 3133 1229 3169 ex
1243 3115 1401 3181 dilectione,
1414 3130 1498 3185 quam
1514 3112 1635 3184 Spiritus
1648 3116 1761 3167 sanctus

139 3195 190 3252 nali
202 3197 277 3253 verbi
296 3199 380 3254 nobis
397 3200 501 3256 luenda
524 3200 562 3256 sit
580 3218 670 3274 poena.
686 3206 805 3274 (Ambr.)
822 3206 854 3261 In
869 3205 920 3261 Dei
961 3204 1093 3271 infundit,
1104 3203 1324 3277 proptereaipse
1336 3202 1457 3274 Spiritus
1468 3201 1572 3255 dicitur
1585 3198 1761 3255 comnisnsri

139 3287 304 3343 moomnia
317 3287 393 3344 bona
404 3288 509 3345 debent
517 3290 616 3358 videri,
627 3309 679 3347 nec
692 3310 725 3348 cx
735 3293 831 3365 aliqua
841 3300 920 3366 parte
961 3293 997 3347 ab
1010 3294 1061 3360 eis,
1078 3293 1126 3366 qui
1137 3293 1178 3349 sic
1192 3299 1290 3363 agunt,
1307 3298 1340 3347 ut
1352 3307 1451 3346 eorum
1464 3289 1546 3345 lactis
1558 3289 1761 3345 contristentur

139 3375 228 3444 purim
252 3379 317 3448 ejus
341 3376 425 3433 debet
444 3380 589 3435 maculari.
611 3381 684 3447 Quid
705 3382 781 3437 enim
807 3384 921 3455 prodest
961 3381 1061 3448 sancti,
1072 3397 1129 3437 non
1139 3381 1175 3435 ob
1184 3381 1271 3448 aliud,
1280 3381 1335 3436 nisi
1345 3380 1413 3452 quia
1421 3379 1558 3451 Spiritum
1568 3383 1697 3432 sanctum
1707 3376 1759 3431 ha·

139 3464 253 3520 nuum
267 3466 355 3521 vitam
372 3466 475 3522 babere
489 3474 518 3524 et
537 3484 569 3523 os
589 3470 750 3525 sordidum?
762 3487 826 3525 cum
845 3473 921 3527 dicat
960 3469 1040 3525 bent:
1051 3466 1759 3542 quodonotambonisunt,uteosmalimoestilrcent,

138 3549 264 3622 buum,
289 3556 365 3627 quod
380 3558 574 3630 unusquisque
587 3558 677 3613 verbis
691 3559 760 3625 suis,
775 3565 826 3615 aut
833 3560 919 3631 justi·
960 3552 1761 3629 himaxime,quosb0nostuisse,sivenoveruntsivecrcdi-

138 3638 256 3712 latim,
273 3651 326 3699 aut
342 3645 586 3701 condemnabitur.
606 3647 664 3702 Nec
681 3647 813 3703 credibile
827 3654 921 3720 potest
959 3645 1452 3720 deruntQuaeprolectotristitianon
1458 3645 1549 3699 solum
1556 3659 1613 3698 non
1621 3641 1761 3714 culpanda

139 3729 207 3787 r'deri
223 3731 295 3789 bene
316 3733 411 3789 vivere
434 3751 499 3790 eum
523 3735 571 3807 qui
593 3737 666 3790 male
685 3736 826 3809 loquatur.
847 3738 919 3793 Male
960 3736 1155 3792 verumetiam
1169 3733 1460 3808 precipuelaudanda
1472 3730 1693 3804 acpraedicanda
1706 3735 1757 3786 est.

139 3819 198 3877 ttius
221 3821 299 3895 loqui
327 3823 364 3878 ad
393 3824 484 3879 multa
507 3823 597 3879 trahit
619 3824 697 3880 vitia.
722 3825 819 3882 Potest
843 3826 920 3881 enim
998 3826 1094 3882 Omnis
1106 3826 1278 3890 amaritudo,
1290 3829 1315 3879 ct
1328 3827 1384 3890 ira,
1399 3828 1424 3876 ct
1433 3823 1601 3891 indignatio,
1613 3826 1638 3875 et
1652 3823 1758 3875 clamor

140 3908 196 3965 mla
207 3910 293 3983 loqui,
309 3913 358 3984 qni
369 3912 490 3984 turpiter
498 3913 574 3968 latur
587 3921 617 3969 ct
630 3915 679 3986 qui
689 3915 815 3970 detrahit
827 3915 916 3983 bonis,
960 3921 985 3969 et
1000 3915 1168 3984 blasphemia
1183 3916 1300 3969 tollatur
1322 3928 1340 3966 o
1362 3913 1446 3979 vobis,
1467 3912 1623 3965 cumomni
1646 3911 1758 3963 molitio

139 4000 210 4072 etqui
224 4016 289 4057 mm
302 4001 369 4057 dolo
377 4000 528 4069 fabulatur,
541 4008 570 4057 et
578 4004 627 4075 qui
638 4003 775 4059 mentitur
786 4021 793 4059 ε
805 4005 863 4060 baec
877 4021 919 4060 er·
959 4003 1044 4074 (Alb.)
1054 4003 1106 4058 Hic
1121 4001 1252 4070 ostendit,
1264 4017 1315 4074 pro
1329 4000 1431 4072 quibus
1444 4000 1627 4054 contristetur
1637 3996 1759 4069 Spiritus

138 4099 212 4144 brem
224 4096 370 4162 pasena.
389 4091 472 4146 Bonae
487 4092 563 4146 enim
578 4097 608 4147 et
619 4091 719 4147 sobriae
733 4092 834 4149 labulae
849 4093 919 4149 dant
959 4097 1082 4159 sanctus,
1093 4097 1123 4146 et
1136 4091 1278 4163 relinquat
1290 4106 1346 4156 cor,
1364 4090 1463 4160 inquo
1478 4086 1624 4143 habitabat
1633 4103 1684 4158 per
1694 4086 1759 4142 cba-

136 4177 236 4244 maan
253 4184 285 4234 et
297 4180 459 4252 exemplum
472 4180 660 4249 audientibus,
682 4187 715 4235 ut
732 4181 919 4237 honorificent
941 4181 1071 4237 .·ritatem
1081 4188 1111 4237 et
1118 4180 1296 4236 modestiam.
1310 4179 1478 4235 Amaritudo
1492 4176 1633 4232 contraria
1642 4182 1686 4232 est
1695 4192 1759 4231 sua-

136 4261 206 4323 llumr
218 4268 249 4323 in
263 4268 367 4335 verbis,
382 4269 512 4324 adilicati
530 4270 560 4324 in
575 4269 630 4324 side
655 4270 768 4326 Christi.
786 4271 819 4325 lit
834 4274 917 4325 notite
956 4271 1037 4327 vitati
1055 4277 1085 4326 et
1098 4269 1239 4325 dulcedini
1256 4269 1345 4324 sancti
1360 4268 1498 4340 Spiritus:
1515 4265 1594 4321 luror
1607 4281 1673 4320 vero
1687 4264 1758 4320 inei·

133 4360 278 4412 mnae
285 4355 428 4428 Spiritum
437 4364 566 4414 sanctum
574 4360 631 4423 Dei,
640 4362 730 4430 inquo
739 4361 845 4428 signati
854 4362 917 4414 estis
957 4360 1038 4431 piens
1052 4360 1097 4415 ira
1117 4366 1168 4424 est,
1191 4364 1220 4414 et
1238 4357 1395 4415 fervescens
1414 4357 1444 4411 in
1460 4355 1555 4410 anima
1572 4352 1757 4425 perturbatio.

131 4443 204 4500 indie
215 4447 423 4516 redemptionis.
445 4447 582 4515 (Hieron.)
599 4448 703 4503 Moeror
723 4450 813 4503 sancti
829 4448 916 4520 Spiri-
956 4448 1116 4520 Indignatio
1131 4465 1163 4504 er
1178 4445 1309 4519 superbia
1323 4445 1457 4512 nascitur,
1470 4459 1533 4498 cum
1547 4441 1671 4513 aliquem
1682 4439 1756 4510 judi-

130 4533 211 4590 asae
222 4535 435 4608 intelligendus,
451 4536 591 4608 quomodo
605 4537 649 4591 ira
666 4537 717 4593 Dei
732 4543 761 4593 et
775 4538 915 4609 poeniten·
955 4553 1053 4593 camus
1077 4537 1236 4608 indignum,
1252 4540 1281 4588 et
1302 4534 1365 4589 ideo
1380 4548 1444 4588 eum
1459 4530 1590 4585 nolumus
1604 4528 1754 4583 sustinere.

128 4619 166 4688 ih,
178 4630 207 4678 et
216 4625 293 4680 aelus
306 4632 336 4680 et
349 4631 457 4682 catera
470 4627 500 4681 in
515 4625 640 4681 bumana
653 4624 838 4683 similitudine
853 4643 915 4698 pas·
956 4626 1092 4695 (Hieron.)
1101 4626 1147 4680 lra
1164 4630 1259 4679 autern
1276 4628 1328 4688 est,
1345 4622 1425 4692 cujus
1441 4618 1610 4684 amaritudo,
1625 4623 1655 4672 et
1667 4616 1755 4684 furor,

127 4710 271 4779 Quen
281 4713 524 4785 qnodcontristari
533 4715 622 4787 possit
635 4715 758 4788 Spiritus
765 4716 826 4783 Ilei,
836 4722 866 4771 et
873 4717 914 4771 ul·
956 4719 986 4769 et
999 4712 1165 4784 indignatio,
1176 4712 1283 4784 species
1297 4715 1372 4776 sunt,
1382 4725 1444 4781 qua
1458 4708 1553 4764 lurore
1563 4706 1698 4761 restincto
1710 4705 1757 4761 de-

125 4796 418 4873 hputurbationem
427 4803 730 4871 divinitassentiat‚sed
736 4805 810 4876 quod
816 4822 848 4859 ex
855 4821 914 4858 ver·
955 4802 1061 4857 siderat
1074 4801 1220 4866 ultionem,
1231 4806 1260 4855 et
1274 4814 1350 4863 eum,
1362 4814 1445 4870 quem
1460 4796 1589 4852 nocirisse
1602 4794 1757 4868 putat,vult

124 4883 267 4947 &matris
277 4891 331 4947 Dei
341 4891 484 4948 discamus
494 4893 619 4958 allectus,
630 4893 833 4965 quodmoereat
843 4910 913 4965 quo·
953 4891 1064 4957 ledere,
1081 4890 1155 4945 unde
1172 4907 1190 4944 a
1204 4887 1285 4943 nobis
1295 4887 1388 4942 omnis
1403 4880 1571 4951 amaritudo,
1585 4885 1711 4952 etluror,
1728 4890 1758 4938 et

122 4975 272 5053 &meque
281 4997 443 5053 peccamus,
452 4988 482 5036 et
494 4982 598 5037 defleat
610 4989 780 5054 peccateres
793 4983 912 5053 (llius.)
955 4979 1121 5051 indignatio,
1134 4977 1260 5033 tollenda
1281 4983 1333 5031 est.
1349 4976 1417 5031 Post
1430 4975 1488 5030 hac
1502 4974 1598 5029 omnia
1610 4980 1685 5028 recte
1699 4971 1757 5026 cla·

123 5066 912 5143 rdcogeaerelocutionis,quoaliolocoidemaititposto-
953 5060 1758 5139 morquoqueetblasphemiaprohibenturinnobis,quia

121 5152 430 5230 hadamipraSpiritus
434 5164 555 5228 postolat
560 5176 612 5230 pro
618 5162 695 5215 nobis
701 5162 848 5228 gemitibus
854 5164 912 5215 ine·
953 5157 1001 5229 qul
1010 5157 1097 5211 semel
1111 5155 1196 5211 luerit
1209 5155 1303 5209 lurore
1317 5159 1477 5226 superatus,
1493 5151 1648 5223 sepissime
1663 5165 1755 5205 erum·

120 5248 616 5320 unobriitusillorn.v1u).Nonquod
623 5249 912 5321 Spiritussanctusin·
952 5247 995 5318 pit
1006 5245 1041 5300 ed
1056 5244 1217 5310 clamorem,
1234 5249 1264 5298 et
1282 5242 1394 5299 turbide
1413 5242 1537 5297 fremens
1556 5239 1709 5295 ventilatur
1722 5239 1752 5295 in

118 5335 311 5403 waes
322 5336 399 5408 quod
408 5337 724 5408 nesingemiscereiacit
733 5339 763 5393 in
771 5337 908 5410 precibus.
952 5333 1066 5389 modum
1081 5332 1149 5387 iolii.
1165 5332 1345 5404 Blasphemia
1357 5337 1410 5398 est,
1425 5346 1490 5384 cum
1503 5329 1538 5386 de
1552 5329 1611 5385 Deo
1622 5328 1692 5385 laisa
1701 5328 1752 5382 lin·

119 5420 209 5492 liar.)
220 5424 331 5496 Siguati
341 5429 439 5480 autem
449 5441 547 5481 snmus
556 5427 663 5499 Spiritu
673 5428 724 5484 Dei
734 5433 831 5482 sancto
841 5432 870 5482 et
879 5432 912 5481 ut
950 5427 1066 5493 guntur,
1082 5428 1132 5477 aut
1144 5420 1174 5476 in
1189 5422 1244 5477 lide
1258 5420 1395 5475 catholica
1407 5419 1540 5475 hav-enos
1552 5419 1690 5491 pravitate
1705 5416 1752 5472 de-

116 5510 223 5581 qs'ritua
231 5518 331 5568 noster
339 5518 371 5568 et
377 5512 475 5569 anima
484 5514 685 5586 imprimantur
693 5515 837 5587 signaculo
847 5515 908 5580 Dei,
951 5517 1049 5583 ceptus
1062 5527 1157 5565 errare
1169 5510 1234 5583 quis
1244 5508 1389 5582 probatur.
1402 5509 1493 5578 (Aeol
1505 5507 1684 5581 Blasphemia
1696 5512 1749 5571 est,

116 5603 141 5653 a
151 5598 228 5659 uhu
239 5601 414 5674 recipiamus
426 5601 581 5675 imaginem
594 5610 624 5660 et
635 5604 860 5673 similitudinem,
873 5603 910 5659 ad
951 5616 1002 5672 per
1011 5615 1097 5673 quam
1109 5600 1145 5657 de
1159 5599 1221 5673 ipso
1233 5599 1293 5655 Deo
1306 5597 1378 5654 aue
1391 5597 1533 5667 dicutur,
1549 5604 1579 5653 et
1592 5597 1656 5652 ideo
1668 5596 1750 5666 pejm
