3772 6120
115 261 161 319 473
318 261 608 340 matuariorum
626 264 666 320 IN
686 264 763 321 EPP.
785 263 893 354 PAULI
911 264 981 351 ute.
1002 264 1105 322 XVIII.
1119 294 1152 307 -·
1166 265 1206 321 IN
1226 264 1337 321 EPIST.
1356 265 1406 321 ΑΙ)
1424 264 1551 324 EPHES.
1701 262 1753 325 444

115 384 287 458 accipiuntur
306 391 337 442 et
350 387 467 454 4444444,
482 387 638 442 secundum
652 388 722 444 illud
738 407 744 443 ε
762 391 799 444 tte
813 392 992 458 tructuAest
1005 389 1113 446 Christi
1124 390 1286 460 Evangelio,
1294 394 1323 444 et
1333 406 1397 444 cum
1405 390 1546 445 4444444414
1555 389 1643 445 fuerit
1650 403 1756 461 44444-
1829 454 1835 464 ¹

117 477 199 532 iurnbi
208 478 255 530 tui
265 492 373 546 ponam
381 493 463 546 super
477 477 610 532 44444444
619 483 700 531 tuum
716 479 909 546 (Psatcnxr),
953 485 1032 534 ratus
1041 485 1093 541 est,
1103 485 1131 533 et
1141 483 1314 551 preparatus
1324 495 1380 533 444
1391 476 1753 551 444444444444444444444,

117 562 216 619 etalibi
235 581 242 616 :
260 564 359 619 Adbuc
372 569 405 619 in
420 566 661 620 lumbiseratleui
672 570 818 635 patrissui
829 569 913 622 Abra·
953 568 1104 622 sedadhoc
1111 572 1294 639 praeparetur,
1304 573 1336 622 ut
1343 574 1451 640 pergat,
1459 565 1754 641 etpergensveniatad

118 655 181 719 un,
202 654 321 722 quando
344 654 463 707 obviavit
481 657 507 707 ei
528 655 718 709 Melchisedech
738 657 829 722 (Hebe.
854 659 912 725 vu),
954 657 1048 711 tinem.
1060 657 1148 726 Super
1162 659 1259 710 ornnia
1271 660 1433 726 accipientes
1446 661 1555 711 scutum
1566 658 1639 724 fidei,
1656 658 1687 708 in
1701 670 1754 724 quo

119 740 216 796 4444444
234 740 320 797 nobis
344 742 496 796 accinxisse
519 741 629 797 lumbos
649 760 725 810 suos,
742 745 790 815 qui
810 761 914 817 nequa·
951 748 1061 816 possitis
1087 748 1183 800 onmia
1205 748 1304 814 jacula
1323 748 1445 814 matiani
1464 749 1545 814 ipnco
1571 746 1752 812 eosttnpuero.

122 918 236 974 imitatur
245 918 407 989 ingenitum
418 919 517 986 Deum,
528 921 718 991 generationis
728 921 847 992 negotiis
856 938 914 977 non
954 928 987 978 ut
1007 923 1119 995 possitis
1136 922 1203 978 tecti
1231 928 1315 994 atque
1336 923 1437 978 muniti
1461 923 1588 994 excipere
1610 921 1753 976 venientes

123 1007 284 1063 ninistrans.
298 1008 358 1063 Hoc
368 1008 443 1062 idem
456 1024 520 1063 4444
534 1015 563 1063 44
576 1009 645 1064 illud
656 1009 822 1080 significare,
838 1010 913 1082 quod
953 1012 1080 1082 sagittas,
1098 1018 1127 1066 et
1139 1013 1195 1067 huc
1210 1016 1294 1083 atque
1309 1011 1375 1066 illuc
1390 1017 1451 1066 arte
1473 1029 1520 1066 eas
1544 1010 1644 1065 bellica
1666 1009 1752 1064 decli·

125 1097 230 1151 loannes
259 1112 361 1151 zonam
383 1097 530 1169 pelliceam
558 1097 679 1153 habebat
706 1099 780 1153 circa
803 1098 912 1154 lumbos
953 1117 1030 1155 nare.
1052 1101 1116 1155 Haec
1130 1108 1174 1155 est
1187 1100 1265 1167 fides,
1282 1117 1367 1172 quam
1387 1106 1416 1154 et
1429 1099 1572 1154 Abraham
1587 1104 1651 1170 post
1665 1098 1755 1153 multa

127 1200 177 1238 suos
196 1183 309 1256 (ilotttr.
331 1184 383 1256 111),
405 1190 434 1239 et
455 1202 511 1240 444
532 1192 593 1240 erat
610 1187 645 1240 de
669 1186 725 1241 illis
748 1188 911 1255 immundis,
954 1207 1040 1260 opera
1054 1196 1139 1261 44444
1151 1189 1268 1244 virtutes
1283 1189 1325 1243 vix
1340 1189 1432 1260 potuit
1442 1188 1606 1261 promereri,
1622 1192 1655 1242 ut
1669 1187 1704 1241 de
1719 1203 1753 1241 eo

104 1341 107 1347 1
129 1273 161 1345 qui
174 1279 290 1344 propter
314 1274 421 1331 fluxum
440 1273 555 1329 seminis
572 1280 650 1329 extra
668 1280 762 1330 castra
784 1277 912 1347 projecti,
955 1278 1100 1350 Scriptura
1113 1278 1218 1334 diceret
1231 1297 1237 1332 :
1249 1277 1523 1335 Crediditribraltarn
1538 1279 1591 1332 Deo
1605 1281 1629 1330 et
1644 1288 1753 1347 reputa·

129 1378 177 1416 erm
186 1377 251 1415 arca
266 1362 379 1416 Domini
388 1362 517 1417 habitare
530 1379 586 1418 non
601 1371 735 1435 possunt,
746 1382 797 1419 nec
811 1383 843 1419 ex
858 1366 912 1431 his,
955 1372 1015 1421 tam
1029 1372 1066 1421 est
1085 1370 1111 1420 ei
1125 1368 1162 1420 ed
1180 1368 1325 1435 justitiam
1342 1365 1429 1428 (Rom.
1450 1367 1498 1434 44).
1515 1364 1667 1436 Perspicua
1687 1369 1753 1419 sunt

132 1448 264 1520 dequibus
283 1450 315 1504 in
332 1450 465 1505 Numeris
484 1451 638 1507 scribitur:
662 1453 726 1510 Sint
752 1457 913 1509 uestirnento
954 1461 1049 1510 autem
1069 1455 1165 1525 jacula
1188 1453 1314 1524 maligni,
1331 1471 1392 1525 quas
1412 1454 1472 1508 vult
1493 1453 1605 1508 mittere
1620 1453 1648 1508 in
1669 1453 1753 1507 corda

131 1542 173 1607 444
186 1539 292 1592 ducato
309 1531 405 1610 (44444.
424 1538 490 1606 vin).
517 1540 570 1605 Qui
585 1546 680 1597 autem
697 1542 808 1597 Christo
824 1543 913 1598 aecin-
953 1550 1110 1615 nostraper
1124 1543 1307 1614 cogitationes
1321 1542 1467 1614 pessimas,
1478 1543 1513 1596 de
1528 1540 1629 1614 quibus
1640 1542 1710 1612 jecit
1723 1541 1752 1623 44

132 1632 226 1681 4444444
238 1627 367 1695 veritate,
377 1627 435 1682 444
445 1629 610 1684 vestimenta
618 1631 648 1684 in
658 1631 747 1685 altum
757 1631 872 1701 colligit,
884 1638 912 1687 et
953 1650 1002 1689 cor
1016 1633 1104 1701 luda,
1120 1639 1152 1687 ut
1163 1632 1288 1687 traderet
1299 1631 1481 1686 salvatorem.
1499 1632 1597 1702 Itaque
1613 1646 1664 1684 nec
1674 1630 1752 1701 prin·

131 1732 222 1770 444444
235 1716 334 1782 trahit,
354 1723 383 1771 44
396 1717 536 1772 nudorum
552 1718 673 1774 laterum
687 1719 841 1775 ioeditatem
855 1719 1057 1795 bal-Bcipitim
1071 1721 1184 1793 quidem
1197 1720 1300 1775 habere
1314 1721 1417 1792 poterit
1432 1721 1562 1775 inimicus
1577 1719 1678 1775 444444
1691 1719 1752 1772 vul-

131 1811 163 1859 444
182 1805 299 1876 spiritali
328 1805 411 1871 velat,
437 1807 560 1878 stringit,
589 1807 715 1875 includit,
746 1815 774 1863 et
796 1815 912 1880 paratus
952 1811 1092 1876 44444444,
1109 1811 1133 1863 si
1148 1810 1323 1865 tenuerimus
1342 1817 1453 1864 scutum
1468 1809 1533 1863 fidei
1554 1828 1560 1862 z
1581 1809 1610 1863 in
1625 1825 1680 1879 quo
1696 1824 1751 1861 444

130 1894 155 1948 ul
171 1894 295 1965 praelium
320 1900 373 1960 est,
390 1900 419 1948 44
432 1911 518 1966 opera
537 1895 622 1958 habet
643 1897 775 1962 lucentia,
792 1915 853 1970 444
867 1899 912 1952 lu·
952 1900 1042 1954 solum
1057 1898 1198 1954 venientia
1211 1897 1516 1969 telai1·anguntur,sed
1532 1898 1617 1952 etiam
1630 1897 1753 1951 telorum

130 1998 201 2036 cerna
214 1982 349 2036 dicuntur
364 1983 505 2038 ardentes.
520 1985 554 2038 Et
571 1987 668 2039 induti
681 1989 768 2040 lorica
782 1990 910 2055 justitia.
952 1989 1012 2061 ipse
1019 1988 1091 2059 ignis
1097 1986 1294 2058 exstinguitur,
1303 1987 1338 2041 de
1348 2003 1403 2057 quo
1412 1991 1442 2041 et
1451 1986 1588 2058 propheta
1598 1985 1753 2057 complorat

131 2070 192 2125 Sicut
204 2070 318 2125 difficile
342 2071 507 2127 vulneratur
527 2073 556 2127 in
572 2073 616 2127 his
638 2075 681 2128 vel
701 2075 821 2129 maxime
844 2076 912 2130 locis
953 2077 1048 2131 dicens
1064 2079 1179 2133 :Onrrres
1189 2078 1387 2144 adulterantes,
1396 2078 1477 2144 quusi
1486 2077 1613 2130 clibanus
1621 2076 1704 2128 cordo
1712 2092 1753 2128 eo-

130 2175 177 2231 qua
199 2159 285 2215 vitam
307 2165 415 2227 tenent,
440 2161 488 2233 qui
511 2162 664 2217 confertam
689 2163 781 2218 hamis
803 2170 832 2217 et
855 2163 911 2218 ser·
953 2182 1020 2220 runt
1035 2166 1161 2235 (Osevn).
1178 2164 1233 2230 Qui
1249 2165 1324 2218 hunc
1339 2162 1489 2218 umbonem
1505 2162 1569 2218 fidei
1587 2162 1752 2217 manuforti

130 2248 172 2302 reis
187 2248 305 2304 invicem
324 2236 486 2305 circulis'se
498 2255 642 2306 tenentem
662 2252 777 2306 loricam
801 2252 913 2307 virtutis
952 2253 1085 2320 tenuerit,
1102 2261 1131 2308 et
1144 2255 1265 2308 confisus
1275 2254 1304 2307 in
1319 2253 1448 2319 Domino,
1460 2251 1554 2306 scierit
1569 2268 1599 2305 se
1615 2251 1752 2305 avenian-

131 2336 227 2391 iudutus
236 2343 296 2392 est:
313 2338 354 2393 ita
364 2339 413 2410 qui
422 2345 465 2393 est
476 2340 666 2395 circumdatus
678 2341 826 2413 multiplici
836 2345 912 2396 veste
955 2342 1031 2397 tibus
1037 2343 1139 2414 jaculis
1153 2359 1214 2396 esse
1229 2358 1369 2407 securum,
1384 2342 1516 2412 loquetur
1530 2338 1687 2411 intrepidus
1700 2357 1705 2391 :
1717 2341 1751 2392 tn

130 2425 235 2496 jatiuae,
251 2443 304 2481 nec
320 2427 355 2481 ad
376 2428 590 2483 similitudinem
605 2429 677 2483 cervi
693 2429 723 2484 in
737 2430 818 2500 jecur
840 2429 912 2484 acci·
952 2434 1069 2487 444444
1079 2432 1192 2499 conlido,
1201 2431 1333 2500 qaorrtodo
1343 2432 1436 2484 dicitis
1445 2433 1547 2483 aritine
1557 2445 1636 2483 ineu:
1652 2429 1752 2482 Treru-

131 2515 175 2585 piet
191 2515 333 2586 sagittam,
350 2533 402 2571 nec
417 2517 447 2570 in
461 2517 601 2572 desideria
615 2523 727 2574 corruet
740 2524 769 2572 et
783 2519 910 2587 furores;
953 2521 1751 2589 miprainmerrtem,sicutpassertquonianscompeccatores

133 2603 341 2659 ederitmundo
355 2605 448 2671 corde,
458 2603 565 2660 habens
579 2606 810 2676 artificamhujus
819 2607 912 2662 loricae
954 2611 1125 2664 teternlerunt
1134 2625 1243 2675 areum,
1256 2608 1553 2677 paraueruntsapittas
1564 2623 1628 2660 suas
1638 2608 1670 2659 in
1683 2605 1752 2674 plia-

132 2690 212 2760 44444
223 2693 271 2765 qui
286 2692 440 2764 4444444444
455 2700 616 2749 sanctorum
630 2695 725 2749 omnia
735 2712 816 2750 arma
830 2694 912 2750 44444-
952 2703 1038 2765 retra,
1054 2702 1086 2751 ut
1100 2700 1230 2765 sagittent
1244 2699 1276 2750 in
1290 2698 1402 2750 obscuro
1422 2699 1506 2749 rector
1519 2696 1597 2749 corde
1614 2695 1695 2764 (Psoi.
1711 2698 1749 2762 x).

133 2787 202 2847 atur,
217 2786 245 2834 et
258 2797 316 2836 non
335 2781 402 2836 sinit
417 2798 482 2838 eum
500 2799 518 2836 a
529 2783 623 2853 jaculo
636 2783 747 2838 volante
761 2801 812 2855 per
825 2784 910 2850 diem,
953 2785 1023 2841 Cum
1037 2803 1113 2856 ergo,
1138 2785 1239 2857 inquit,
1258 2784 1396 2840 considam
1412 2784 1441 2838 in
1464 2783 1593 2849 Domino,
1611 2799 1666 2854 qua
1681 2782 1750 2836 mihi

133 2875 153 2921 et
169 2885 185 2922 a
199 2869 309 2941 sagittis
331 2869 494 2927 ardentibus
513 2872 621 2943 percuti
644 2874 750 2942 pariter
773 2878 802 2927 44
822 2873 910 2927 exuri.
952 2874 1025 2929 datis
1039 2875 1148 2929 rationo
1163 2874 1320 2940 consilium,
1337 2880 1435 2929 utnon
1449 2877 1521 2927 stem
1535 2872 1684 2926 adversum
1698 2871 1750 2925 ini·

133 2955 279 3014 Itmtoeoti
302 2960 383 3029 pedes
412 2962 442 3014 in
465 2964 670 3030 preparatione
694 2963 840 3030 Euonpetii
858 2979 912 3031 pa-
952 2963 1089 3018 micorum
1103 2963 1234 3034 impetus,
1247 2968 1276 3017 ot
1287 2963 1382 3034 jacula
1396 2979 1457 3033 quse
1472 2966 1569 3015 contra
1583 2976 1628 3014 me
1638 2960 1668 3013 in
1682 2959 1751 3031 pha-

134 3046 166 3098 ris.
190 3046 358 3119 Diligentius
381 3048 535 3115 observate,
556 3049 630 3120 quod
650 3050 785 3104 virtutem
811 3047 1035 3122 quam-Gretris
1051 3056 1286 3123 praeparaverunt,
1301 3052 1426 3106 volentes
1442 3067 1499 3104 444
1518 3050 1609 3104 solum
1630 3065 1685 3114 me,
1701 3049 1750 3102 sed

134 3131 180 3188 4444
196 3136 294 3192 444444
309 3137 494 3209 appellaverit
508 3138 602 3209 pedes,
620 3138 721 3209 quibus
735 3139 911 3210 ingredimur
951 3140 1037 3195 etiam
1051 3157 1149 3195 omnes
1163 3147 1254 3195 rectos
1271 3140 1354 3194 corde
1370 3139 1538 3211 percutere?
1559 3137 1628 3193 Ecce
1643 3142 1687 3192 sto
1702 3154 1750 3190 su-

79 3280 81 3291 ,
134 3219 255 3296 4444444
270 3224 342 3280 dicit
358 3244 365 3279 :
381 3227 580 3295 Eposunruio,
599 3234 629 3282 et
646 3243 715 3300 quos
730 3244 782 3282 nos
801 3233 913 3299 oportet
951 3233 1127 3301 perpetrem,
1136 3234 1161 3282 rt
1173 3245 1228 3282 444
1239 3229 1407 3299 transmigro
1417 3230 1447 3282 in
1458 3232 1567 3282 montes
1577 3225 1748 3291 tenebrosos,

135 3309 232 3367 44444444
251 3315 459 3386 praeparatione
480 3316 623 3386 Evangelii
642 3316 727 3386 pacis.
753 3317 786 3372 In
810 3316 911 3371 horum
952 3324 981 3372 et
993 3318 1088 3372 omnia
1100 3318 1158 3372 tela
1175 3317 1298 3372 hostiurn
1321 3318 1442 3389 repulsa,
1459 3317 1489 3370 in
1512 3317 1587 3387 ipsos
1610 3315 1659 3386 qui
1681 3314 1750 3368 diri-

135 3398 365 3457 abamentorum
390 3404 511 3474 figuram
539 3410 568 3459 et
592 3405 640 3459 illa
667 3405 858 3460 calceamenta
881 3406 911 3460 in
950 3412 1019 3477 gent
1032 3411 1241 3461 convertuntur.
1257 3407 1291 3460 Et
1304 3410 1412 3473 pateam
1430 3408 1530 3460 solatis
1544 3407 1666 3473 accipite.
1679 3403 1748 3458 Pro-

136 3485 424 3562 livodopraecesserunt,
435 3492 609 3564 quaehabere
619 3493 723 3565 pascha
736 3494 911 3549 vescentibus
952 3501 1015 3567 pter
1034 3495 1106 3549 hanc
1126 3495 1237 3566 4444444
1256 3495 1356 3549 salutis
1374 3511 1472 3549 omnes
1493 3493 1522 3547 in
1543 3492 1634 3563 capite
1653 3496 1750 3546 nostro

136 3575 273 3649 44444444,
291 3587 321 3635 44
337 3581 381 3635 his
399 3582 447 3652 qui
461 3582 497 3635 ad
511 3581 670 3637 faciendum
688 3582 743 3636 iter
760 3584 910 3655 praeparati
951 3601 1050 3639 sensus
1062 3584 1165 3654 integri
1175 3590 1356 3655 perseverant
1368 3601 1373 3636 :
1385 3589 1414 3636 et
1423 3582 1544 3637 maxime
1555 3580 1680 3646 oculi,de
1691 3580 1750 3650 qui·

135 3666 337 3737 unt:Sieenim‚
346 3669 395 3734 ait,
407 3672 611 3725 inanducatitis
626 3672 713 3725 ittud:
724 3672 814 3725 iambi
827 3675 912 3726 rostri
950 3670 1002 3727 bus
1021 3672 1051 3726 44
1065 3672 1230 3726 Ecclesiaste
1250 3671 1382 3726 Salomon
1395 3671 1437 3725 ait
1452 3689 1458 3722 :
1476 3670 1616 3739 Sapientis
1628 3671 1702 3723 ocuti
1715 3670 1749 3722 in

134 3760 225 3812 macti·
237 3764 263 3812 et
278 3761 464 3813 miceamenta
478 3764 567 3813 444444
581 3762 613 3813 in
629 3761 744 3828 peditatu
761 3763 869 3825 uestris,
885 3766 910 3815 et
949 3763 1036 3830 capite
1065 3764 1123 3829 ejas
1153 3761 1248 3827 (Erote.
1269 3762 1307 3826 4).
1330 3759 1440 3814 Sciebat
1469 3757 1544 3812 enim
1572 3757 1647 3829 quod
1676 3760 1749 3810 esset

134 3841 295 3902 momen·
307 3851 341 3901 in
354 3848 484 3901 inanibus
499 3850 605 3911 cestria
612 3853 636 3902 et
644 3849 786 3903 comedetis
799 3850 873 3904 iliud
879 3852 910 3903 in
950 3848 1002 3903 viri
1015 3854 1109 3921 caput,
1123 3854 1152 3903 et
1166 3849 1282 3919 quinam
1296 3848 1343 3902 isti
1357 3848 1430 3902 oculi
1443 3847 1472 3902 in
1490 3845 1541 3900 viri
1556 3845 1647 3918 capite
1662 3845 1749 3899 collo-

132 3929 294 3994 ictinattone.
309 3935 414 3991 Pascha
425 3942 462 3990 est
477 3938 553 3990 enirn
563 3938 677 3991 Domini
691 3937 782 4004 (Ecod.
794 3946 852 4010 444).
865 3937 911 3993 si·
950 3937 1016 3994 cati.
1038 3937 1068 3994 Si
1081 3937 1156 3992 enim
1171 3942 1255 4009 caput
1268 3936 1343 3991 illius
1359 3942 1402 3990 est
1416 3936 1554 4002 Christus,
1571 3940 1599 3989 44
1614 3934 1688 3990 44444
1702 3951 1748 3988 sa-

130 4023 910 4095 pmaquidempraeparauonisest,cumsastinau'oneet
950 4027 1053 4099 pientia
1071 4027 1102 4082 in
1120 4027 1211 4098 capite
1225 4028 1287 4096 ejus
1301 4032 1376 4092 sunt,
1394 4025 1523 4096 sequitur
1544 4031 1576 4079 ut
1591 4024 1682 4078 444444
1697 4040 1748 4077 44-

129 4109 367 4184 stampatibus
381 4114 537 4181 comedere,
553 4120 585 4168 ut
597 4113 771 4169 corroborati
785 4115 909 4186 paschali
950 4121 1009 4171 ster
1022 4133 1129 4183 sensus,
1146 4132 1235 4181 44444,
1257 4115 1400 4185 cogitatio,
1418 4131 1521 4181 sermo,
1542 4113 1689 4168 consilium
1703 4133 1709 4180 3
1725 4115 1748 4167 si

127 4196 466 4256 flbohtamethorribilem
477 4203 717 4274 possinterernum
726 4203 906 4274 pertransire.
951 4210 1045 4261 tamen
1053 4205 1194 4277 sapientes
1203 4203 1348 4267 44444444,
1356 4204 1385 4258 44
1396 4203 1508 4258 Christo
1518 4203 1582 4259 sint.
1593 4204 1626 4257 ln
1638 4202 1749 4258 Christo

124 4285 165 4351 tvi
177 4306 244 4361 ergo
262 4290 357 4345 adhuc
372 4289 507 4358 ambulat,
528 4291 685 4347 calcietur:
702 4292 749 4362 qui
766 4309 831 4348 vero
848 4293 909 4362 jam
950 4299 1045 4348 autem
1058 4293 1159 4360 Verbo,
1176 4294 1291 4360 lumine,
1308 4293 1435 4360 veritato,
1448 4293 1570 4364 justitia,
1587 4291 1749 4361 cunctisque

79 4388 82 4409 ¹
120 4374 229 4433 4444444
238 4380 409 4434 transmisso
422 4384 527 4434 terram
542 4381 767 4452 repromissionis
781 4364 1108 4437 intravitnvirtutibus.
1140 4384 1241 4452 (drab.)
1267 4382 1405 4447 Quoniam
1433 4387 1532 4436 contra
1559 4380 1749 4433 atrocissimos

119 4466 198 4522 nata
215 4468 326 4540 pedem
343 4468 431 4536 Sotae,
448 4469 496 4535 ait,
512 4473 727 4524 calceamentum
741 4471 773 4523 de
793 4471 909 4538 pedibus
949 4472 1043 4526 hostes
1055 4471 1168 4526 etomni
1183 4471 1413 4541 tergiversatione
1425 4469 1540 4523 callidos
1554 4466 1659 4521 bellum
1672 4466 1747 4535 geri-

119 4557 278 4612 busiacus
299 4560 375 4612 enim
399 4561 432 4612 in
450 4575 502 4626 quo
515 4563 580 4623 stas,
603 4563 679 4611 terra
693 4563 790 4612 sancta
810 4562 856 4612 est.
879 4558 909 4614 Si
950 4576 1022 4627 mua,
1038 4560 1141 4614 idcirco
1156 4560 1233 4613 44444
1250 4560 1360 4614 cautela
1384 4564 1412 4612 et
1431 4555 1619 4611 sollicitudine
1633 4554 1748 4625 vigilare

117 4643 173 4714 quis
185 4660 243 4700 nou
257 4650 303 4700 est
314 4645 397 4700 lesus
408 4646 494 4712 Nave,
510 4662 562 4700 444
575 4646 727 4717 apostolus,
739 4646 845 4700 calceat
858 4663 908 4718 pe·
948 4647 1091 4716 debemus,
1102 4655 1135 4702 ut
1145 4663 1327 4719 quaecumque
1339 4646 1511 4700 tentaverint
1523 4644 1645 4698 munitus
1660 4659 1711 4698 nos
1721 4647 1750 4697 et

117 4729 273 4787 4444444444
282 4733 489 4804 preparatione
499 4734 641 4804 Evangelii
651 4735 740 4806 pacis:
754 4733 777 4788 si
788 4734 851 4806 quis
860 4751 908 4790 au·
948 4742 1118 4809 praeparatos
1132 4736 1286 4791 inveniant.
1302 4736 1422 4790 Necesse
1434 4740 1477 4789 est
1491 4733 1568 4787 enirn
1582 4740 1615 4787 ut
1630 4739 1658 4786 et
1674 4733 1749 4787 Deus

116 4820 794 4895 lcmapastolusestatinterduodecimnumerari
804 4830 906 4895 potest,
948 4824 1062 4896 adjuvet
1086 4841 1155 4896 quos
1170 4824 1272 4879 viderit
1287 4824 1316 4877 in
1329 4822 1459 4894 precibus
1474 4822 1589 4894 vigilare
1609 4829 1638 4876 ct
1652 4822 1686 4876 do
1701 4838 1748 4876 ar-

117 4922 288 4982 quaquam
298 4911 905 4978 tollatinviscalceamentumsuum,necad
948 4914 1003 4969 mis
1017 4915 1077 4984 ejus
1095 4919 1254 4984 exspectare
1275 4911 1431 4967 victoriam.
1448 4912 1481 4967 In
1501 4910 1663 4982 hujusmodi
1682 4926 1748 4982 ergo

116 4999 270 5072 1444444444
287 5005 317 5055 44
339 4998 469 5054 colubros
484 5001 663 5055 decIInaudos
679 5001 841 5056 calcaneum
864 5007 908 5056 tc-
948 5002 1021 5058 bello
1049 5002 1144 5057 sobria
1165 5009 1261 5057 mente
1279 5017 1350 5074 opus
1368 5006 1412 5055 est
1432 5008 1461 5056 et
1483 5017 1554 5072 pura
1567 4999 1747 5063 couscientia,

114 5088 909 5162 mpedjamconsummatusatqueperiectasstetinterra
949 5090 1093 5162 quianon
1118 5098 1216 5145 contra
1240 5089 1363 5144 carnalia
1387 5089 1529 5162 nequitiae,
1546 5088 1594 5142 sed
1615 5086 1748 5140 adversus

116 5184 215 5242 meu,
229 5184 259 5232 et
272 5178 387 5233 4444444
396 5177 517 5246 Christo,
529 5185 558 5233 et
567 5185 702 5249 sequatur
714 5181 826 5250 Agnum
841 5196 908 5250 quo·
948 5170 1087 5252 spiritalia
1101 5178 1259 5233 dimicatur.
1273 5179 1378 5233 Contra
1393 5178 1550 5250 terrigenos
1564 5175 1640 5230 enim
1653 5174 1748 5230 hostes

116 5278 227 5337 mque
237 5267 322 5321 radit.
330 5267 472 5332 Quaeritur
481 5267 907 5322 utrumnamaddistinctionem
948 5285 1049 5339 corpus
1058 5267 1158 5338 sagina
1168 5266 1362 5334 roboratur,et
1373 5267 1479 5339 poculis
1489 5282 1569 5320 mens
1578 5263 1746 5332 incenditur,

117 5349 250 5425 tuageni
267 5355 392 5423 44444444,
405 5371 479 5410 4444
493 5355 603 5423 44444444,
616 5357 691 5427 pacis
706 5356 907 5428 Evangelium?
949 5362 980 5411 ut
993 5357 1169 5428 repugnandi
1180 5360 1276 5411 sumat
1285 5356 1451 5411 audaciam:
1464 5353 1598 5407 adversus
1608 5352 1683 5407 enim
1693 5353 1749 5425 spi·

117 5454 150 5495 n
159 5447 234 5498 oertc
246 5443 394 5517 proprium
408 5443 446 5497 sit
458 5444 510 5498 444
519 5444 671 5516 Evangelii,
679 5451 711 5500 ut
723 5446 799 5516 pacis
815 5447 906 5500 Evan·
947 5445 1041 5500 ritalia
1055 5444 1187 5517 nequitiae
1202 5444 1368 5516 spiritaliter
1377 5441 1592 5515 repugnandum
1601 5445 1654 5508 est,
1665 5447 1695 5495 et
1704 5458 1748 5496 44

118 5527 458 5598 Μ4444444444044
467 5532 905 5605 igiturhabetpacem,calceaurs
946 5533 1073 5589 brietatis
1087 5540 1117 5589 44
1125 5532 1303 5590 4444444444
1315 5548 1396 5587 arma
1409 5531 1547 5587 sumenda
1560 5536 1638 5599 sunt,
1653 5537 1686 5585 ut
1700 5530 1746 5584 in·
