3772 6120
141 344 177 404 Μ
328 345 619 408 ENARRAI'IONIJII
635 351 677 408 IN
694 351 771 408 EPP.
792 350 901 408 ruunt
918 350 988 408 LIB.
1006 351 1109 409 XXIII.
1127 380 1160 394 -
1175 352 1217 410 IN
1234 352 1347 411 artur.
1367 355 1380 410 1
1397 353 1447 410 AD
1463 353 1540 412 ml.
1701 353 1754 411 602

141 472 216 529 mum
228 468 299 527 illud
323 474 491 547 prospicere,
513 478 648 549 quoniam
667 479 727 551 ipse
741 479 914 544 Timotheus,
924 476 1028 540 Asiam
1041 484 1118 545 sunt,
1128 479 1203 550 apud
1214 495 1284 551 quos
1298 480 1455 535 necessario
1472 481 1602 535 convenit
1614 480 1755 552 mtegram

142 562 173 619 coi
186 560 238 615 heo
251 561 394 618 scribebat
411 581 468 620 non
487 567 570 622 modo
589 566 702 639 juvenis
726 574 797 634 erat,
817 584 913 622 venun
954 567 1295 639 eumdebereopiniouem
1314 568 1426 636 habere,
1440 575 1524 641 prout
1539 574 1641 642 potest,
1652 569 1754 626 docens
1848 614 1856 621 .

143 651 242 707 euna
263 651 385 707 nimium
403 655 523 724 juvenis,
539 656 580 711 ita
588 663 622 712 ut
634 674 685 729 per
697 658 750 712 hoc
771 657 912 712 contemni
954 656 1061 728 pariter
1078 662 1110 711 ut
1130 657 1269 728 opinionis
1289 675 1346 713 sue
1364 657 1540 729 diligentiam
1557 658 1668 713 habeat.
1681 658 1754 714 Nam

144 738 354 813 pauerideretur,
367 743 480 815 sempsit
492 761 559 816 ergo
570 746 595 801 ei
604 748 645 816 ll!
654 747 724 802 Tim.
735 750 773 816 iv)
783 765 789 800 :
799 765 813 799 a
823 747 913 802 Nemo
954 745 1028 817 quod
1042 745 1111 800 dicit
1119 747 1176 801 tale
1190 751 1241 809 est.
1253 752 1320 802 sunt
1331 747 1431 819 aliquas
1446 747 1702 820 professionesque
1712 763 1755 803 se·

143 831 288 901 junonem
299 836 380 886 tuam
399 839 580 902 contemnat3
594 851 683 891 anam
693 841 723 891 et
734 836 795 908 ipse
802 837 913 907 juvenis
953 832 1755 907 cundumseillurnquidemquieamprofitetorrepreheu-

144 933 187 973 um
196 922 272 984 esset,
284 919 521 992 inApostolatum
535 925 696 992 electusest,
712 924 784 980 sicut
796 925 826 979 in
835 926 913 981 Acti-
954 921 1027 978 sioni
1036 921 1118 978 subdi
1133 923 1267 991 efficiunt,
1281 930 1314 978 ut
1328 929 1397 996 puta
1410 924 1576 996 publicanus
1589 930 1640 980 aut
1652 940 1753 996 caupo,

144 1006 179 1061 bns
187 1008 378 1078 Apostolorum
394 1011 483 1066 Lucas
503 1012 646 1069 insinuat:
663 1014 712 1069 sed
739 1015 913 1087 neophytum
952 1012 1086 1078 autleno,
1099 1019 1149 1067 aut
1162 1012 1239 1067 aliud
1255 1013 1370 1085 aliquid,
1386 1013 1637 1085 quamplurimis
1650 1013 1693 1068 vel
1707 1029 1753 1069 re·

144 1095 197 1161 dixit,
215 1103 264 1151 ant
286 1097 367 1153 illurn
380 1100 429 1172 qui
447 1117 538 1173 nuper
553 1102 681 1169 credidit,
697 1110 747 1159 aut
758 1104 838 1160 illum
864 1104 912 1175 qui
952 1101 1089 1172 prehendi
1102 1101 1191 1172 possit
1203 1103 1246 1157 vel
1261 1103 1424 1174 vituperari.
1437 1102 1571 1157 Videmus
1581 1103 1686 1157 etenim
1696 1102 1753 1159 t're·

144 1199 206 1256 nuper
216 1182 388 1257 baptismum
397 1195 441 1244 est
454 1196 608 1246 assecutus.
624 1191 696 1246 Nam
706 1192 790 1247 iidem
800 1193 911 1263 planta·
952 1197 1071 1261 quenter
1080 1191 1208 1246 homiues
1214 1191 1248 1246 de
1254 1191 1393 1263 aliquibus
1407 1208 1463 1247 non
1469 1190 1572 1246 bonam
1582 1190 1685 1247 habere
1695 1193 1754 1247 exi-

144 1272 219 1328 tionem
232 1282 320 1343 vocat,
337 1277 412 1333 sicut
432 1284 462 1334 et
478 1280 603 1335 scribens
624 1281 702 1351 dicit,
718 1281 771 1335 hoo
793 1287 838 1336 est
859 1298 911 1353 ego
952 1279 1381 1348 stimationem,earationevitae
1391 1297 1448 1336 suas
1463 1281 1624 1352 opinionem
1635 1281 1754 1336 maculis

142 1361 377 1433 plutari3adlidem
392 1368 586 1424 adduxi:etde
600 1369 768 1442 baptismate
781 1370 913 1425 similiter
951 1365 1123 1434 inusserunt,
1147 1375 1175 1424 et
1193 1370 1229 1425 ad
1257 1370 1442 1441 plurimorum
1465 1369 1595 1442 pervenit
1612 1370 1752 1438 notitiam,

142 1449 211 1505 mbit
235 1454 322 1522 (Rom.
348 1455 415 1526 vni).
444 1478 456 1509 r
483 1458 512 1512 Si
535 1459 611 1512 enim
634 1459 815 1531 complantati
845 1459 911 1516 sacti
952 1457 1020 1526 quia
1029 1458 1228 1514 autluxuriose
1237 1458 1376 1525 vixerunt,
1387 1463 1437 1514 aut
1451 1475 1520 1530 erga
1528 1458 1662 1531 pecunias
1675 1459 1753 1514 avari

141 1554 210 1594 nnus
223 1541 401 1600 similitudini
411 1546 510 1601 mortis
519 1549 590 1619 ejus,
606 1567 619 1601 u
636 1548 670 1602 de
684 1547 854 1620 baptismate
867 1549 912 1604 di·
953 1547 1129 1614 exstiterunt,
1141 1553 1350 1602 autmercatum
1365 1559 1493 1603 exercere
1502 1548 1651 1603 voluerunt
1663 1545 1698 1602 ob
1711 1547 1754 1602 im

141 1644 192 1696 ans,
200 1630 304 1686 etenim
317 1648 374 1688 non
385 1634 455 1688 adeo
467 1642 550 1690 erant
561 1637 617 1691 ista
628 1637 827 1708 Apostolorum
840 1643 911 1693 tem·
948 1634 1028 1705 justa
1042 1641 1071 1690 et
1081 1637 1177 1707 turpia
1190 1637 1278 1691 lucra.
1295 1637 1354 1690 Hoc
1365 1652 1431 1707 ergo
1443 1635 1504 1690 vult
1513 1635 1616 1702 dicere,
1628 1635 1652 1690 si
1666 1635 1754 1706 aliqui

140 1718 291 1788 ptrcdivisa,
315 1728 347 1777 ut
370 1729 400 1778 et
413 1724 567 1793 crederent,
584 1731 613 1780 et
641 1722 859 1798 baptizarentur,
876 1745 909 1783 eo
951 1720 1058 1778 fuerint
1085 1725 1166 1788 tales,
1192 1725 1240 1796 qui
1255 1742 1288 1779 ex
1311 1725 1430 1795 antiqua
1447 1725 1505 1779 vita
1531 1729 1560 1778 et
1582 1723 1753 1796 professione

140 1806 451 1880 tuodssli,quinonerant
460 1812 912 1886 baptizati,neclidelestuncnun-
921 1797 1028 1884 Bopud
1050 1811 1179 1868 homines
1198 1814 1350 1868 existimati
1364 1819 1432 1868 sunt
1443 1813 1601 1885 pravissimi
1615 1813 1753 1868 exstitisse

139 1895 296 1968 orpabantur.
314 1900 394 1956 Unde
404 1908 475 1956 etex
491 1903 589 1959 eadem
604 1904 806 1960 consuetudine
819 1906 911 1961 adhuc
951 1901 1070 1967 arbitrii,
1086 1902 1225 1973 ejusmodi
1240 1902 1368 1957 homines
1381 1902 1511 1956 convenit
1531 1902 1665 1969 deuitare,
1677 1918 1713 1956 ne
1723 1902 1753 1957 in

138 1991 265 2056 tpcacns
279 1987 332 2055 illi,
349 1990 397 2060 qui
412 1989 628 2062 baptizatisunt,
645 1993 741 2048 fideles
756 2000 909 2063 vocantur;
951 1991 1143 2063 episcopatum
1158 1991 1358 2062 producantur,
1378 1991 1446 2045 licet
1458 1991 1606 2046 videantur
1632 1991 1753 2045 lideliter

138 2073 241 2144 plurimis
250 2078 354 2132 veroin
368 2079 494 2151 partibus
504 2097 596 2152 neque
615 2082 790 2138 Christianos
808 2101 910 2139 vorans
950 2080 1108 2146 accessisse,
1138 2088 1167 2136 et
1194 2081 1281 2135 vitam
1306 2096 1387 2135 suam
1402 2080 1496 2135 studio
1524 2080 1673 2134 meliorum
1687 2080 1752 2135 illu-

138 2164 214 2234 eosqui
220 2180 276 2220 non
286 2176 474 2239 perceperunt
481 2169 630 2241 baptisma.
642 2171 714 2226 Nam
726 2173 909 2244 ethpostolus
950 2173 1050 2233 strare,
1062 2170 1150 2224 donec
1160 2186 1212 2241 per
1221 2169 1336 2240 longum
1362 2175 1473 2240 ternpus
1490 2170 1554 2223 vitas
1577 2185 1635 2224 sue
1644 2172 1674 2222 et
1687 2184 1753 2222 con·

137 2251 349 2325 dcdidtzllbid.)
363 2256 414 2312 «Si
426 2258 837 2332 quisautemchristispiritum
852 2278 908 2317 non
949 2257 1116 2313 versationis
1139 2259 1308 2314 documenta
1331 2259 1567 2323 demonstrarent,
1585 2257 1627 2311 ita
1639 2262 1672 2312 ut
1690 2256 1752 2328 opi·

137 2337 254 2408 bbethic
264 2360 321 2399 non
338 2347 484 2417 estejusu
501 2347 620 2403 Eridens
640 2354 684 2404 est
707 2350 841 2420 quoniam
855 2352 910 2422 spi·
950 2347 1192 2403 nionemsuamin
1202 2348 1303 2403 melius
1317 2349 1458 2403 illustrare
1468 2347 1543 2419 apud
1552 2346 1615 2401 illos
1640 2345 1689 2417 qui
1703 2362 1750 2401 ex-

137 2428 198 2485 uun
211 2447 266 2487 non
280 2431 367 2488 babet
381 2434 428 2506 qui
456 2434 596 2508 baptisma
618 2454 675 2492 non
698 2439 825 2511 percipit.
842 2440 910 2496 Vult
952 2442 996 2492 tra
1005 2438 1156 2492 Ecclesiam
1171 2444 1238 2492 sunt
1252 2437 1408 2504 videantur,
1426 2453 1523 2508 quare,
1537 2452 1570 2491 eo
1590 2436 1666 2506 quod
1685 2434 1752 2490 licet

136 2533 184 2590 crgo
195 2536 255 2575 eum
279 2522 328 2593 qui
344 2522 374 2577 in
389 2524 580 2597 episcopatum
595 2526 760 2598 producitur
773 2545 807 2582 ex
820 2530 909 2584 multo
950 2525 1001 2580 tibi
1013 2526 1089 2581 fideli
1113 2527 1357 2598 contemplatione,
1378 2527 1442 2593 lide,
1458 2525 1502 2579 vel
1529 2524 1698 2595 baptismate
1712 2524 1751 2578 ri·

137 2612 235 2679 tenpore
248 2611 362 2666 fidelem
376 2629 437 2667 esse
446 2619 475 2668 et
486 2613 670 2686 baptisatam,
680 2617 755 2672 unde
765 2623 794 2672 et
807 2619 911 2674 multas
951 2614 1053 2669 deatur
1063 2631 1124 2670 esse
1137 2616 1249 2686 dignus,
1259 2621 1356 2671 tamen
1370 2614 1529 2686 precedens
1543 2613 1601 2667 rita
1609 2611 1710 2667 adimit
1724 2611 1751 2666 ei

137 2698 286 2754 masticis
305 2700 372 2755 huic
394 2702 435 2756 rei
457 2704 629 2758 necessarias
648 2712 677 2761 et
692 2706 771 2760 valde
785 2707 908 2777 dignas3
951 2703 1082 2758 fiduciam
1101 2705 1175 2776 apud
1190 2705 1299 2776 eosqui
1318 2709 1397 2758 extra
1411 2703 1564 2758 Ecclesiam
1574 2706 1649 2768 sunt,
1667 2701 1707 2754 ita
1718 2707 1751 2756 ut
1831 2732 1836 2739 ·

137 2783 213 2855 tdjecit
222 2805 287 2844 vero
300 2789 424 2861 primam
437 2807 551 2846 causam
560 2793 655 2849 dicens
668 2813 673 2848 :
687 2814 701 2847 a
717 2795 754 2850 Ut
768 2812 804 2850 ne
819 2797 910 2852 elatus
951 2807 1006 2847 non
1019 2793 1102 2848 modo
1111 2795 1211 2864 juvare
1233 2794 1327 2866 posuit
1344 2799 1463 2856 extem&
1480 2792 1528 2847 ⁸01¹
1543 2788 1690 2862 0¹P1'0bafi
1714 2789 1750 2844 ⁰¹³

137 2870 290 2945 diudicium
304 2878 412 2935 ineidat
436 2880 551 2936 diaboli.
570 2901 583 2935 n
599 2882 689 2938 Elatio
703 2883 779 2938 eriim
794 2884 905 2953 dicitur,
948 2881 1459 2954 vitaesuaeturpitudinem.Namquod
1467 2880 1610 2947 dixit,«ut
1620 2879 1751 2951 neinop·

137 2961 281 3034 triiuillis,
298 2983 360 3039 quse
374 2968 427 3023 sibi
440 2986 497 3024 non
511 2970 623 3039 adsunt,
640 2972 783 3027 extollitur
805 2990 908 3045 magna
948 2969 1093 3042 probrium
1106 2971 1243 3038 incidat»
1255 2971 1352 3043 adiicit
1366 2970 1515 3026 ettcrtiam
1524 2968 1749 3035 causamdioens,

137 3047 317 3127 saepiam.
328 3057 427 3129 Nuper
439 3075 506 3130 ergo
515 3060 632 3115 credens
646 3067 676 3117 et
689 3060 819 3133 baptismi
845 3080 907 3135 gra·
951 3065 1005 3114 «et
1019 3059 1048 3115 in
1061 3061 1194 3132 laqueum
1217 3060 1443 3115 (111¹bOli·¹>Haec
1459 3075 1544 3113 &⁰⁸³
1558 3075 1615 3131 Ρ1Ίῖἱὲ
1641 3057 1750 3112 ωῑθήῧ

138 3137 301 3215 impolitus,
318 3152 348 3200 et
368 3147 488 3202 necdum
498 3148 542 3203 sui
564 3150 700 3221 propositi
714 3150 908 3223 probationem
949 3148 1005 3203 alia
1018 3156 1061 3204 eat
1074 3150 1153 3204 nulla
1167 3167 1200 3204 ex
1213 3155 1294 3221 parte
1306 3149 1446 3204 inllrmior
1464 3148 1576 3203 illorum
1598 3164 1660 3218 quae
1682 3151 1749 3202 ante

137 3228 243 3297 pubem,
258 3249 351 3306 neque
361 3236 515 3292 secundum
531 3238 657 3295 ordinem
672 3239 769 3295 doctus
785 3241 819 3295 de
841 3241 906 3308 illis,
948 3235 1112 3305 dictasunt,
1125 3255 1158 3293 eo
1174 3239 1249 3310 quod
1259 3244 1304 3293 est
1318 3243 1441 3303 cautum,
1455 3241 1564 3291 nonest
1576 3236 1626 3290 tali
1641 3235 1749 3311 homini

137 3320 260 3386 quados
284 3324 463 3393 conveniunt,
478 3326 503 3381 si
517 3327 669 3399 productus
687 3329 773 3384 fuerit
795 3330 830 3385 ad
844 3330 905 3398 hoc,
948 3325 1068 3381 aliorum
1083 3327 1259 3382 committere
1276 3327 1462 3398 diligentiam,
1478 3333 1508 3380 et
1533 3331 1642 3380 tantm
1657 3324 1683 3379 ei
1702 3341 1748 3378 re·

81 3466 83 3477 ,
136 3408 227 3465 uolo
253 3411 314 3484 ipse
337 3412 444 3480 doceat,
471 3415 506 3470 ab
535 3416 596 3488 ipsa
622 3417 799 3473 ordinatIone
816 3418 907 3475 elatus
948 3422 1032 3487 pente
1045 3416 1169 3488 prebere
1189 3423 1368 3488 potestatem,
1384 3433 1472 3487 quare
1495 3416 1562 3487 quia
1583 3414 1675 3470 adhuc
1685 3414 1749 3468 ritae

134 3507 211 3567 Meua
235 3499 366 3573 desipiat,
404 3504 452 3575 qui
480 3511 509 3559 et
531 3505 611 3576 quasi
640 3508 777 3577 magister
798 3508 905 3565 discere
946 3510 974 3560 et
988 3522 1098 3560 morum
1112 3522 1229 3562 suorum
1254 3507 1375 3561 necdum
1393 3509 1508 3559 cautum
1521 3503 1642 3576 prebuit
1665 3503 1748 3558 docu-

133 3581 249 3660 abaliquo
266 3590 410 3647 interdum
433 3609 489 3648 non
504 3594 637 3666 patietur,
654 3611 686 3650 eo
710 3597 785 3667 quod
808 3597 906 3653 doctor
946 3600 1124 3662 mentum,ct
1141 3595 1347 3661 incertumst,
1372 3600 1470 3649 utrum
1491 3592 1562 3648 nihil
1585 3591 1677 3646 simile
1692 3592 1748 3663 pri-

131 3672 217 3747 llipoe
229 3680 419 3748 constitutus3
436 3682 536 3737 dooere
549 3689 645 3738 autem
665 3685 754 3740 nescit
768 3702 802 3740 eo
830 3687 905 3756 quod
946 3685 1027 3739 stinre
1042 3685 1170 3757 perficiat
1182 3685 1255 3752 vite,
1272 3683 1383 3739 diabolo
1411 3683 1514 3737 multas
1535 3682 1667 3736 adversm·
1681 3696 1746 3735 euru

130 3774 169 3829 mu
179 3766 308 3838 primitus
314 3769 422 3826 didicit.
431 3771 528 3826 Elatus
541 3789 607 3828 vero
617 3773 724 3828 exstitit
732 3773 761 3828 in
778 3773 906 3846 illisque
945 3773 1090 3828 machinas
1103 3773 1272 3838 inveniente,
1289 3779 1322 3828 ut
1336 3772 1476 3827 etiterum
1499 3787 1565 3825 eum
1579 3769 1610 3825 in
1623 3769 1747 3841 antiquis

127 3849 166 3907 nu
175 3857 327 3913 meandum
340 3859 487 3915 veritatem
499 3861 614 3916 minime
628 3862 740 3917 adsunt.
752 3863 831 3918 Vane
839 3880 905 3919 vero
947 3862 1102 3935 praecipitet
1112 3862 1230 3928 delictis,
1243 3879 1276 3917 eo
1292 3861 1367 3934 quod
1381 3877 1472 3932 nuper
1485 3859 1576 3914 adhuc
1591 3875 1609 3914 a
1622 3858 1745 3913 deterio-

126 3943 241 4000 ualens
253 3962 286 4001 se
300 3952 416 4020 propter
427 3948 589 4022 impositam
609 3951 764 4023 magisterii
783 3953 905 4024 speciem
946 3950 1025 4006 ribus
1038 3952 1186 4007 recessisse
1194 3951 1315 4018 ridetur,
1331 3955 1360 4005 et
1373 3966 1430 4004 non
1444 3953 1537 4022 potest
1554 3946 1606 4004 sub
1629 3946 1746 4002 alterius

124 4029 179 4087 nihil
197 4034 309 4090 dillerre
326 4036 465 4093 videbitur
480 4038 602 4106 diabolo,
627 4041 675 4111 qui
701 4040 829 4096 minister
855 4041 907 4097 Dei
946 4057 1015 4096 cura
1028 4057 1085 4096 non
1099 4041 1243 4113 pertinens
1256 4041 1286 4096 ln
1300 4040 1402 4096 melius
1424 4038 1537 4110 corrigi,
1552 4054 1585 4092 eo
1598 4036 1672 4110 quod
1687 4036 1746 4110 ipse

122 4126 225 4191 ms,
239 4140 305 4195 quae
323 4140 426 4196 magno
436 4132 479 4181 est
495 4127 529 4181 de
552 4145 583 4183 se
601 4145 699 4201 sapere
714 4130 840 4197 annisus,
856 4130 906 4186 Dei
946 4128 1056 4185 videtur
1074 4130 1193 4186 aliorum
1213 4131 1307 4203 potius
1321 4128 1537 4185 sollicitudinem
1551 4127 1655 4182 habere
1667 4142 1746 4180 com-

120 4207 163 4263 tibi
175 4211 331 4268 adsciscens
344 4221 374 4269 et
386 4231 489 4270 nomen
499 4224 528 4271 et
540 4217 685 4285 honorem,
702 4219 798 4274 inillis
812 4236 843 4274 se
857 4237 904 4274 ex·
948 4220 1062 4274 missam
1074 4221 1126 4287 ;sic
1137 4237 1188 4292 per
1199 4219 1425 4275 omniaostendit
1435 4219 1515 4273 illum
1527 4217 1574 4288 qui
1589 4217 1618 4271 in
1638 4215 1745 4289 episco-

119 4298 290 4374 tollensque
303 4302 357 4358 sibi
372 4319 429 4359 non
443 4306 588 4361 adhaerent
612 4308 719 4378 justam
727 4308 831 4379 judicis
845 4324 905 4380 pos·
946 4315 1043 4380 patum
1058 4309 1223 4381 producitur
1229 4309 1401 4381 probabilem
1411 4307 1514 4362 debere
1532 4322 1601 4372 esse,
1613 4312 1643 4360 et
1660 4305 1747 4359 virtu·

118 4401 176 4443 mm
197 4398 348 4464 exspectat,
365 4392 405 4447 ita
419 4400 451 4448 ut
469 4394 650 4450 manifestum
664 4397 701 4451 sit
718 4414 750 4452 ex
765 4397 809 4452 his
824 4396 903 4464 illud,
913 4397 1096 4500 Dtibusillis,
1114 4415 1176 4470 quae
1195 4398 1348 4454 secundum
1360 4398 1493 4470 pietatem
1507 4400 1583 4461 sunt,
1603 4400 1744 4448 ornatum.

119 4477 184 4547 qood
199 4475 393 4552 superioribus
406 4482 576 4551 dicebamus,
592 4485 725 4557 quoniam
738 4486 842 4541 Paulus
856 4502 907 4558 per
948 4487 1006 4542 Nec
1018 4488 1092 4543 enim
1103 4488 1138 4543 ob
1152 4488 1242 4542 solam
1257 4487 1341 4542 fidem
1359 4491 1409 4540 aut
1418 4484 1551 4556 baptismi
1564 4482 1687 4553 gratiam
1702 4481 1745 4534 di·

118 4566 203 4623 mnia
214 4570 351 4642 propositi
373 4571 566 4643 probationem
586 4575 714 4646 requirit.
735 4576 831 4630 Talem
846 4592 906 4631 esse
945 4593 1034 4647 gnum
1048 4576 1151 4632 habere
1166 4593 1232 4631 eum
1245 4575 1400 4631 existimari
1415 4574 1497 4629 istius
1507 4587 1568 4625 esse
1577 4570 1639 4630 loci,
1652 4570 1707 4624 nisi
1717 4575 1746 4625 et

118 4660 143 4709 e
152 4656 310 4731 episcopum
325 4659 430 4727 volens,
451 4662 539 4733 quiin
553 4679 637 4736 opere
647 4664 783 4736 propositi
797 4664 840 4719 sui
854 4665 904 4719 do-
947 4665 1004 4719 rita
1017 4670 1046 4719 et
1059 4665 1277 4720 conversationis
1298 4680 1355 4718 suae
1369 4662 1455 4717 fultus
1472 4660 1559 4715 fuerit
1571 4658 1744 4714 testimonio.

118 4752 238 4802 ummo
256 4753 394 4821 praestare
409 4751 506 4821 possit,
526 4751 600 4823 quod
624 4751 785 4823 baptismati
808 4753 905 4807 adesse
944 4753 1013 4808 'Ires
1027 4769 1126 4807 causas
1136 4751 1308 4807 necessarias
1319 4749 1455 4822 exposuit,
1464 4747 1539 4819 quod
1549 4749 1590 4803 ita
1597 4747 1748 4804 conveniat

117 4846 283 4909 nequequam
298 4840 614 4910 potest:remissionem
628 4841 703 4896 enim
727 4847 904 4913 peccatorum
945 4841 1016 4906 fleri,
1036 4857 1122 4896 unam
1134 4841 1249 4913 quidem
1261 4857 1294 4895 eo
1309 4839 1383 4910 quod
1391 4838 1472 4893 facile
1485 4838 1636 4893 extollatur
1649 4837 1684 4892 ab
1697 4837 1746 4892 illa

117 4917 245 4995 ispum
256 4932 384 4998 praestat,
396 4928 419 4982 si
432 4928 472 4983 sic
486 4928 612 4985 absolute
626 4937 741 5002 excepto
762 4931 904 5002 proposito
947 4935 1094 5002 potestate,
1111 4947 1167 5002 qua
1194 4930 1293 4984 docere
1320 4934 1435 4983 ceteros
1462 4928 1615 4982 statuitur:
1627 4927 1745 4982 alteram

118 5010 200 5069 euoe
211 5016 397 5088 pronuntiare
411 5017 449 5071 sit
463 5023 587 5085 cautum,
611 5018 744 5074 virtutem
761 5036 826 5074 vero
849 5036 905 5075 non
946 5035 1011 5074 vero
1025 5019 1100 5091 quod
1115 5024 1243 5092 oporteat
1253 5017 1430 5073 eumbouum
1439 5016 1632 5071 testimonium
1642 5015 1745 5070 habere

117 5108 213 5170 mem
233 5121 290 5160 non
304 5106 479 5178 inoperatur.
496 5107 602 5162 Deinde
615 5113 644 5163 et
665 5109 751 5164 aliam
765 5109 832 5164 dicit
842 5126 906 5164 cau·
947 5107 1059 5177 abillis,
1075 5109 1124 5180 qui
1146 5108 1215 5163 soris
1233 5113 1309 5174 sunt,
1326 5113 1354 5162 et
1365 5107 1479 5162 tertiam
1496 5104 1569 5177 quod
1588 5120 1645 5158 non
1663 5109 1745 5160 caute

118 5204 171 5246 nm
180 5195 253 5265 qood
266 5200 398 5267 oporteat
410 5195 559 5252 virtutibus
572 5198 754 5253 exercitatum
765 5214 831 5253 eum
845 5215 906 5254 esse
947 5197 982 5253 de
996 5214 1029 5252 eo
1042 5203 1158 5270 possent
1166 5197 1314 5268 oondcere,
1329 5213 1362 5252 eo
1375 5196 1450 5269 quod
1460 5196 1598 5249 incertum
1614 5198 1700 5248 estan
1715 5195 1745 5249 in

119 5292 163 5349 pc
179 5284 273 5338 omnio
290 5300 360 5356 erga
377 5284 512 5357 pietatem
528 5286 575 5358 qui
593 5286 623 5341 in
643 5286 834 5359 episcopatum
863 5294 907 5343 est
946 5286 1089 5358 proposito
1112 5286 1226 5341 meliore
1241 5287 1385 5353 consistat,
1405 5301 1456 5340 nec
1474 5300 1520 5350 ne,
1537 5282 1608 5338 etin
1628 5282 1746 5355 antiqua

118 5369 310 5438 producendus.
335 5391 350 5426 s
366 5373 501 5446 Oporteat
514 5380 609 5430 autem
624 5392 689 5430 eum
704 5381 733 5430 et
746 5376 850 5431 bonum
861 5382 904 5431 te·
946 5391 1094 5430 recurrens
1108 5375 1152 5429 sui
1159 5374 1283 5430 deterior
1298 5375 1408 5442 existat,
1425 5372 1574 5428 scdstudio
1594 5372 1743 5429 meliorum

119 5458 301 5516 tetimonium
308 5460 413 5517 habere
427 5463 514 5519 dehis
528 5465 575 5535 qui
590 5464 657 5520 foris
671 5470 746 5520 sunt.
758 5466 796 5521 Ut
802 5482 859 5520 non
874 5467 903 5521 in
945 5464 1111 5520 illustretur.
1123 5465 1188 5519 Haec
1200 5464 1314 5535 quidem
1324 5465 1495 5519 dictasunta
1507 5461 1594 5518 Paulo
1613 5463 1743 5535 querire

118 5547 312 5622 «opprobrium
327 5550 433 5606 incidat
447 5558 476 5607 et
499 5554 630 5625 laqueum
645 5553 758 5609 diaboli.
775 5553 903 5609 »Abhis
945 5553 1039 5608 divina
1051 5553 1157 5608 credito
1182 5553 1276 5624 gratia
1303 5553 1358 5608 dici
1372 5551 1536 5608 debuerant.
1554 5552 1591 5607 Hi
1604 5568 1671 5607 vero
1694 5552 1742 5622 qui

117 5635 231 5706 uminis
242 5638 441 5708 suntedicens,
455 5641 519 5697 illos
531 5648 622 5714 putat,
638 5643 686 5715 qui
707 5648 786 5698 extra
809 5643 903 5698 Eccle-
944 5643 1025 5698 Pauli
1034 5642 1154 5698 decretis
1168 5643 1327 5715 superiores
1341 5659 1403 5698 esse
1416 5642 1588 5708 existimant,
1608 5638 1741 5696 nihilho-
