3772 6120
108 258 155 314 lat
331 259 620 317 nxnnnttlouull
639 261 676 316 ln
697 260 772 317 EPP.
795 262 901 318 PAULI
921 265 988 319 Llll.
1011 266 1070 320 xll.
1088 297 1120 306 -
1135 268 1173 321 lu
1194 265 1303 321 EPIST.
1326 266 1350 319 ll
1369 264 1417 319 nl)
1436 264 1519 320 COR.
1668 216 1672 225 Ι
1696 265 1743 320 lut

104 400 196 451 geniis
210 383 379 450 humanum,
396 385 472 439 visus
485 384 514 439 in
530 384 641 441 Christo
657 402 706 455 pcr
718 386 837 454 gloriam
853 387 938 456 vir-A
949 396 1017 453 tate,
1032 407 1064 443 eo
1078 391 1217 445 debitores
1231 390 1351 461 amplius
1361 381 1491 443 t'eneurur
1504 390 1532 443 in
1548 407 1640 461 opine,
1652 390 1745 461 otple·

105 474 175 529 tutis
197 471 265 529 sure.
290 473 387 544 (tuq.)
406 474 479 538 Quin
500 474 586 531 etism
606 474 731 531 stultitia
759 475 905 532 scribentis
949 495 1066 550 rmnque
1080 480 1178 533 eudem
1194 479 1384 546 intelligentiae
1400 485 1514 548 irenopta
1535 480 1662 550 pecunia,
1679 496 1742 534 oum

104 563 234 632 assignat
253 562 329 632 quod
347 562 478 619 tenebitur
501 563 603 619 dixerit
622 562 683 619 sine
701 563 782 619 initio
795 581 907 636 sernper
947 569 982 621 ad
997 585 1098 623 usuras
1119 568 1294 623 arrdimribus
1313 568 1405 629 datur,
1423 568 1572 637 annuitur,
1588 569 1644 624 nisi
1661 575 1743 624 caute

103 652 203 715 luisse,
219 651 310 712 lucem
325 667 391 707 rere
408 651 522 709 initium
542 651 694 722 sumpsisse
715 652 749 708 dc
771 653 904 719 tetrennia,
947 656 1096 711 tribuatur.

104 740 187 810 quasi
203 740 306 810 legerit
319 740 348 795 in
364 756 397 797 eo
411 738 483 799 libro
506 740 550 799 cui
569 740 759 799 calumniatur
777 742 906 799 tenebras
984 749 1017 800 lu
1031 748 1158 800 orriutbus
1174 748 1382 799 trilndotiouem
1394 748 1530 814 potimur,
1539 747 1647 801 sednon
1656 763 1745 815 uuqu-

103 829 304 900 sempiternas.
320 846 385 886 cum
400 829 536 900 scriptum
551 829 589 885 sit
605 847 610 883 :
624 832 906 900 lrrqnincipiocreonit
947 837 1077 888 stiourur.
1095 837 1175 891 Nunc
1188 835 1311 890 ostendit
1325 839 1439 905 propter
1453 834 1526 905 qnod
1547 835 1640 889 ldonei
1664 843 1746 892 erant

106 921 284 975 beusooeluin
299 925 324 973 et
339 924 539 983 torinneium
546 917 702 975 interserui
718 922 868 975 istrin'bitit
882 928 906 975 ct
949 923 1152 993 praedicatores,
1162 924 1229 993 quia
1237 939 1349 993 semper
1364 922 1418 975 illis
1433 922 1462 976 ln
1479 923 1643 977 necestitate
1656 924 1746 985 adluit

106 1011 331 1076 tumultuositati
342 1008 630 1076 terebreeroursuper
644 1008 774 1074 obusturn
787 1008 905 1080 (deun).
949 1012 1031 1067 Deus.
1043 1013 1100 1065 ideo
1109 1012 1334 1080 pressurounait.
1344 1015 1429 1079 qussi,
1444 1013 1489 1064 sed
1498 1016 1743 1080 nonrounqurtob‘,

105 1113 139 1151 ex
154 1097 281 1167 iuoeiqo
296 1095 419 1153 muobrm
432 1113 493 1151 esse
506 1102 660 1166 ceperunt,
676 1113 710 1151 ex
724 1113 780 1167 quo
792 1100 907 1154 contuse
948 1100 1000 1154 hoc
1014 1107 1065 1162 cst,
1079 1117 1136 1155 non
1150 1100 1279 1171 permisit
1292 1101 1366 1154 Deus
1379 1104 1491 1154 tantum
1506 1117 1556 1155 nos
1567 1101 1697 1171 opprimi,
1713 1108 1746 1156 ut

107 1186 197 1241 moles
210 1186 275 1244 ceu
289 1202 349 1243 csse
363 1185 448 1255 cupit
461 1201 493 1241 ec
503 1191 594 1248 terre,
612 1191 763 1255 antequam
776 1187 848 1243 tuoto
858 1188 907 1243 lux
948 1189 1141 1243 crederemus:
1159 1193 1282 1257 inopium
1298 1192 1381 1257 quassi.
1396 1190 1441 1241 red
1452 1205 1506 1241 non
1516 1191 1648 1254 destituti,
1657 1189 1743 1256 idest,

106 1280 192 1341 esset
203 1291 262 1344 qua
275 1274 485 1333 illuminaretur
498 1274 571 1343 quod
585 1274 646 1331 siue
661 1275 721 1331 luce
732 1274 907 1333 suoruttene-
949 1278 977 1332 in
988 1278 1083 1349 inopia
1100 1279 1198 1349 positis
1212 1277 1303 1332 adfuit
1316 1283 1412 1348 pastor
1430 1277 1514 1331 Deus.
1532 1281 1745 1333 prosecutionem

107 1363 233 1421 brosum.
249 1364 323 1428 Quid
337 1370 434 1421 auum
443 1364 641 1422 inconveniens
655 1363 680 1421 si
693 1364 842 1421 mundana
850 1381 908 1421 me·
947 1371 1083 1436 potimur,
1097 1369 1141 1420 rud
1148 1383 1202 1420 non
1211 1368 1443 1434 derelinquimur.
1450 1366 1605 1420 Verumost
1611 1367 1746 1438 quianon·

104 1453 186 1509 tane
199 1451 671 1523 fuorsuttenobromprirnordiaut
685 1453 833 1509 accedente
847 1453 907 1509 luce
949 1455 1060 1511 sulebnt
1074 1456 1115 1509 eis
1129 1456 1213 1512 Deus.
1225 1471 1260 1508 ne
1269 1455 1744 1513 satissibiincerentdobislnimioi.

105 1541 296 1612 meliusquod
310 1541 416 1599 tectum
429 1547 470 1599 est
485 1541 907 1613 redderetunetttnquampro·
947 1547 1056 1613 dejecti,
1072 1547 1116 1597 red
1131 1561 1186 1597 nou
1199 1548 1334 1613 porinum.
1363 1543 1483 1609 (Airibr.)
1499 1543 1530 1598 ld
1550 1550 1601 1608 est,
1623 1544 1746 1599 serberi-

105 1630 228 1687 finientis
250 1630 383 1698 bominis,
408 1631 481 1701 quod
504 1637 601 1702 postca
628 1630 755 1687 futurum
776 1638 837 1687 erat
856 1631 907 1686 boc
947 1634 999 1688 bus
1013 1634 1212 1705 prostmti,sed
1221 1633 1350 1686 obstante
1358 1634 1415 1686 Deo
1428 1649 1484 1691 non
1491 1633 1652 1687 mortificati
1666 1651 1672 1686 ε
1688 1634 1746 1687 sive
1767 1671 1770 1675 «

103 1719 189 1775 modo
202 1720 413 1789 significaretur
427 1719 546 1778 allectio.
563 1721 651 1778 Porro
661 1721 684 1775 si
697 1720 762 1777 buic
779 1705 1021 1791 displicetsseninr
1037 1723 1133 1787 clausi,
1150 1723 1207 1775 sire
1215 1722 1357 1787 vinculati,
1374 1722 1514 1790 adjutorio
1529 1723 1578 1776 Dei
1588 1722 1746 1778 munusbo·

102 1808 196 1865 lucam
211 1809 325 1867 initium
341 1809 494 1879 siunpeiesc
509 1808 907 1880 deusserineiuentpono
947 1811 1033 1866 stium
1048 1811 1346 1881 eredebantllenique
1354 1809 1457 1864 Paulus
1464 1817 1493 1864 et
1506 1810 1646 1868 Silasoum
1653 1817 1747 1871 essent

102 1897 147 1953 lus
161 1897 216 1955 hoc
230 1897 315 1963 dicat,
331 1898 381 1968 qui
395 1897 519 1955 scribens
534 1898 736 1956 subdolosam:
748 1900 907 1955 ruinisqu-
946 1901 1042 1959 clausi.
1050 1902 1109 1970 jam
1117 1900 1180 1954 cresi
1190 1906 1218 1954 et
1231 1899 1315 1970 pedes
1325 1915 1423 1952 eorum
1440 1900 1569 1954 cusentin
1581 1915 1665 1954 nervo
1679 1916 1746 1955 con·

101 1988 215 2054 quondo
232 1988 355 2051 utute-a,
373 2004 448 2043 uituc
461 1993 553 2043 outuu
569 1991 618 2043 tur
631 1989 789 2044 inllorniuo
802 1985 905 2059 [dubet.
946 1991 1025 2054 clusi,
1042 1990 1147 2043 alacres
1155 1990 1292 2060 hymnum
1303 1988 1441 2042 canebant
1448 1989 1506 2042 Deo
1520 1990 1588 2054 (dot.
1606 1995 1673 2057 xvi),
1689 1988 1746 2043 ior·

103 2080 140 2141 r).
157 2075 228 2139 Quis
241 2075 318 2131 cuim
333 2076 386 2132 hoc
398 2075 472 2141 fecit,
490 2076 544 2130 nisi
563 2075 610 2130 ille
629 2075 687 2146 qui,
702 2093 766 2132 cum
784 2076 906 2133 tenebra·
946 2080 1032 2133 tiores
1045 2079 1089 2133 his
1104 2078 1169 2133 tacti
1184 2078 1232 2149 qui
1247 2094 1302 2131 non
1316 2082 1398 2130 erant
1410 2077 1483 2131 cusi.
1500 2077 1612 2146 Semper
1627 2081 1746 2145 inertiu-

102 2174 198 2221 essem
209 2181 297 2234 super
310 2163 546 2236 abyssumdixit:
557 2167 903 2233 Fiotlumrttoctuesttuu.
947 2171 1081 2222 rationem
1094 2170 1157 2221 lesu
1177 2171 1208 2221 in
1224 2182 1335 2234 mrporr
1354 2172 1447 2219 nostro
1467 2168 1699 2233 circtnnsorrutcs,
1715 2172 1747 2220 ut

102 2253 184 2318 Quod
195 2253 324 2323 apertius
337 2254 394 2309 alio
408 2254 468 2309 loeo
483 2254 557 2309 idem
579 2254 721 2325 apostolus
739 2255 843 2311 Paulus
858 2271 906 2310 ex·
946 2263 970 2310 el-
985 2259 1112 2311 cituteru
1129 2259 1161 2309 in
1176 2256 1334 2322 cerporibus
1348 2257 1451 2307 nostris
1465 2256 1670 2321 muiritcstetur.
1686 2254 1745 2309 Du·

103 2342 217 2412 pressit,
239 2342 336 2401 dicens
352 2361 357 2395 :
374 2344 445 2399 Dens
460 2347 509 2411 qui
530 2343 601 2397 otuu
623 2345 655 2398 de
677 2344 793 2399 tenebris
818 2347 903 2399 iucem
948 2345 1025 2400 bium
1036 2361 1092 2400 non
1108 2350 1159 2400 est.
1176 2343 1276 2414 quiain
1285 2341 1456 2413 martyribus
1464 2342 1744 2401 Christusocoiditur.

103 2435 261 2494 durumne,
277 2434 381 2489 uomit
396 2434 427 2485 iu
442 2433 569 2488 cordibus
585 2435 695 2487 ilustris.
947 2441 975 2488 et
990 2435 1017 2488 in
1032 2433 1076 2486 bis
1091 2434 1139 2503 qui
1152 2448 1203 2502 pro
1218 2432 1272 2485 side
1286 2431 1433 2502 patiuntur
1446 2436 1497 2484 aut
1508 2431 1607 2491 exitus,
1620 2437 1670 2485 aut
1683 2430 1745 2485 vin·

140 2521 545 2577 dominusqutemumounrn
555 2523 640 2575 istrum
649 2522 903 2587 irtrmitllctilibus,
947 2523 1018 2583 culo,
1034 2529 1084 2577 nut
1098 2521 1214 2576 verbera
1229 2520 1333 2574 Christi
1346 2519 1490 2590 passiones
1501 2524 1576 2585 sunt,
1591 2525 1624 2573 ut
1642 2526 1671 2573 et
1687 2520 1746 2574 vito

104 2616 134 2664 ut
148 2610 309 2666 subtililiter
319 2612 356 2665 sit
367 2612 457 2665 uirtus
468 2610 516 2664 bei
530 2615 554 2666 et
571 2625 626 2665 uon
641 2627 673 2663 er
687 2611 773 2665 trabis.
789 2611 904 2678 tlntbr.)
947 2613 1008 2682 ejus
1022 2613 1051 2666 in
1065 2627 1180 2682 corpore
1196 2625 1294 2664 eorum
1310 2610 1403 2679 palem
1418 2609 1468 2662 flat
1483 2627 1489 2660 :
1511 2608 1655 2678 passiones
1669 2608 1745 2662 enim

102 2698 281 2757 muamus
290 2704 498 2754 sacramentum
508 2698 675 2768 significarit
688 2699 739 2755 Dei
747 2699 775 2753 in
783 2699 904 2764 cbristo,
947 2708 1021 2764 sunt,
1044 2717 1106 2770 qum
1125 2699 1277 2754 ostendunt
1296 2697 1428 2751 meritum
1449 2696 1484 2750 ad
1503 2698 1627 2753 suturam
1646 2697 1744 2764 sltem,

103 2786 178 2857 quod
189 2786 371 2844 credentibus
384 2785 590 2853 rnuuiieetatur,
602 2787 753 2845 incredulis
763 2804 827 2843 raro
838 2804 904 2859 quo·
947 2807 1031 2861 quum
1047 2789 1175 2863 promisit
1194 2787 1331 2845 Christus.
1353 2786 1433 2840 Unde
1460 2786 1515 2845 ebo
1535 2787 1595 2841 loco
1617 2786 1686 2840 dicit
1705 2787 1747 2854 (ll

103 2876 169 2931 dam
190 2875 330 2935 velamine
350 2882 455 2934 tectum
471 2882 522 2939 est,
540 2877 607 2946 quia
620 2876 693 2933 sicut
707 2877 856 2933 thesaurus
875 2878 903 2936 in
946 2880 1005 2933 θον.
1023 2882 1070 2941 sul
1087 2895 1099 2931 :·
1112 2880 1182 2933 bum
1198 2879 1330 2943 infirmor
1346 2881 1412 2929 tunc
1428 2881 1522 2943 potens
1535 2891 1599 2929 suin
1608 2894 1617 2940 ,·
1639 2880 1669 2929 et
1690 2874 1744 2929 ite·

103 2965 213 3019 occulto
224 2964 706 3034 ponitentiastsaeranentumnei
722 2965 797 3021 intro
811 2966 903 3023 bumi·
945 2984 1007 3025 rum
1031 2968 1098 3033 (dci.
1117 2970 1197 3033 riri:
1218 2968 1268 3020 bur
1285 2966 1477 3019 tribulationes
1497 2970 1600 3032 oportet
1626 2981 1673 3017 nos
1701 2967 1745 3018 tie-

103 3070 179 3118 uem,
194 3053 225 3107 id
238 3054 319 3111 estin
328 3054 411 3111 corde
421 3054 545 3113 bumnno
555 3054 904 3124 tutusquetutusque
914 3052 936 3115 C
947 3063 1021 3112 trare
1036 3059 1067 3110 iu
1082 3071 1201 3124 reqnum
1216 3056 1274 3109 liri.

103 3143 271 3199 thesaurum
284 3143 314 3199 in
328 3143 425 3201 enimc
441 3151 469 3199 et
482 3160 598 3215 corpore
609 3143 677 3200 dicit
684 3160 744 3199 esse
754 3160 772 3198 a
782 3144 839 3199 nuo
853 3144 903 3199 da·
979 3143 1090 3213 Semper
1100 3147 1237 3201 enititum,
1246 3145 1428 3211 quintrionis.
1437 3145 1468 3198 in
1477 3142 1744 3195 irrortemtrodiinur

103 3239 175 3296 tum,
187 3238 221 3287 ut
234 3231 390 3291 eminentia
404 3232 515 3290 virtutis
530 3234 591 3302 ejus
604 3238 739 3303 appareat
751 3248 803 3303 per
816 3232 904 3288 homi·
942 3240 1053 3302 proptor
1066 3237 1167 3297 locoru,
1187 3237 1216 3286 ul
1228 3237 1252 3285 ol
1267 3235 1323 3287 utre
1336 3234 1399 3285 lesu
1414 3233 1608 3298 murriteoutur
1622 3232 1744 3284 ineurnc

103 3336 153 3375 nes
172 3320 370 3391 predicatores
391 3322 537 3385 duntaxat,
552 3328 586 3376 ut
600 3321 795 3379 reconcilietur
813 3321 903 3379 omnis
945 3327 1038 3379 nostru
1055 3325 1176 3378 inorruit
1194 3323 1330 3392 Apertum
1345 3320 1476 3392 estquod
1491 3319 1569 3386 dicit,
1587 3319 1655 3390 quia
1669 3318 1742 3385 ideo,

102 3409 201 3479 maus
221 3410 347 3467 Creatori
366 3411 544 3474 summoned
559 3410 801 3469 honorificentiam
816 3408 905 3469 bomi-
945 3411 1046 3482 inquit,
1062 3412 1090 3466 in
1106 3418 1226 3466 mertem
1242 3410 1314 3464 tradi
1330 3417 1444 3481 propter
1456 3411 1552 3465 lesum
1565 3424 1622 3462 non
1632 3423 1743 3462 recum-

103 3515 182 3563 num,
203 3499 253 3555 sed
272 3499 334 3565 Dei,
350 3501 398 3570 qui
412 3516 443 3555 se
460 3499 622 3557 manifestat
636 3516 686 3570 per
697 3499 835 3558 homines.
850 3500 903 3564 uui
945 3517 1018 3561 mus,
1034 3516 1098 3553 curn
1113 3499 1252 3570 possimus
1266 3499 1368 3563 rivere,
1385 3504 1417 3552 ut
1430 3499 1488 3561 vita
1502 3496 1743 3568 quareeurrenitp

102 3603 166 3643 cum
180 3587 305 3647 humiles
318 3594 347 3645 et
360 3588 485 3659 imperiti
498 3595 904 3659 euentacmperuntpomstu
945 3588 1064 3645 mortuis
1072 3587 1210 3651 Christus,
1218 3588 1283 3642 buin
1294 3586 1406 3641 mortali
1418 3586 1495 3640 carni
1509 3591 1612 3639 nostru
1626 3591 1742 3656 praeste-

102 3687 161 3733 tem
175 3692 193 3731 a
208 3676 277 3743 neo,
291 3685 321 3733 et
334 3678 466 3748 loquendi
481 3678 624 3746 magnatio
637 3678 905 3747 sesquitertiorum
945 3685 1000 3739 tur,
1009 3677 1119 3734 hocest.
1128 3676 1288 3731 nontimera
1298 3676 1370 3729 mori
1382 3681 1496 3746 propter
1507 3675 1742 3728 resurrectionem

104 3781 170 3835 ergo
191 3781 259 3821 vasa
278 3765 383 3832 dicens,
406 3766 602 3825 infirmitatem
614 3774 733 3824 naturai
752 3767 900 3836 signifieat,
945 3766 1121 3836 promissum.
1139 3766 1208 3831 Erqo
1222 3781 1296 3817 irrora
1310 3766 1341 3817 iu
1352 3765 1742 3830 uolrtroquruturuituoutem

103 3870 165 3927 quie
178 3853 251 3911 nibil
265 3860 366 3924 potest,
383 3855 437 3912 nisi
453 3856 542 3913 aueo
560 3856 699 3927 acceperit
712 3855 854 3920 virtutem,
871 3862 904 3911 ut
944 3858 976 3908 in
990 3856 1072 3911 cobis.
1095 3855 1152 3908 lloc
1172 3852 1248 3916 dicit,
1272 3845 1347 3922 quia‘
1360 3867 1410 3921 pro
1430 3850 1521 3903 salute
1541 3865 1638 3905 eorum
1658 3850 1742 3903 morti

103 3942 137 3999 td
150 3942 267 4003 mudum
282 3944 446 4002 stanneus
459 3945 579 4015 perbeec
593 3962 622 4001 se
637 3945 903 4016 praedicetqusein·
943 3937 1743 4012 subjiciebantur:gentibusautemprmdicuntcsdnimioi·
1791 3992 1797 4000 ,

104 4033 186 4091 firma
200 4039 277 4097 mut,
291 4039 325 4089 ut
336 4032 426 4103 gloria
441 4032 482 4089 illi
497 4034 589 4098 detur,
606 4050 661 4091 nen
680 4033 788 4090 homini
803 4033 851 4102 qui
869 4051 902 4089 ex
944 4032 998 4087 tias
1011 4030 1065 4086 sibi
1076 4029 1234 4087 excitabunt
1248 4037 1305 4085 tam
1321 4029 1454 4083 eludatis
1469 4043 1553 4098 quarn
1565 4025 1742 4097 agentilibua

103 4123 161 4177 luto
177 4121 261 4181 uuus
275 4126 328 4179 est.
341 4122 441 4189 (breul
457 4123 515 4179 llas
529 4123 558 4178 in
573 4140 603 4179 se
616 4123 720 4179 Paulus
733 4121 856 4179 scientiae
863 4122 903 4179 di·
943 4137 1033 4191 usquc
1046 4121 1081 4177 ad
1092 4126 1221 4175 inertem.
1234 4118 1598 4175 Hubentmuutemaumdom
1609 4119 1741 4185 spiritum

103 4208 185 4271 ritino
199 4209 416 4280 contemplatus,
432 4218 460 4270 et
472 4211 736 4281 contemplationem
752 4227 903 4268 suumeon·
944 4212 1016 4276 uitri,
1040 4210 1091 4265 boo
1109 4214 1161 4269 est,
1178 4224 1355 4264 communem
1370 4206 1501 4278 spiritum
1521 4222 1572 4276 per
1591 4222 1674 4276 quem
1696 4206 1742 4258 llr·

102 4298 276 4357 siderationis
294 4298 424 4357 humanm
436 4282 604 4369 'frequens
621 4299 773 4357 humilians
787 4300 835 4363 ait,
852 4301 902 4355 bu-
920 4339 925 4348 .
944 4304 1038 4356 iuutur
1052 4298 1130 4361 tides,
1148 4296 1448 4360 hebemusrohiscuni3
1463 4293 1741 4365 ideoenimproipsis

103 4388 197 4445 uirtus
214 4387 375 4445 ibamururu
396 4390 481 4443 istu-in
503 4391 534 4443 in
548 4391 620 4441 curis
642 4389 781 4454 fictilibus.
802 4375 1024 4445 MultasDtantu
1034 4386 1215 4457 patiebantur
1229 4386 1312 4445 melu
1324 4391 1358 4439 ut
1367 4384 1484 4441 invicem
1499 4383 1698 4453 copularentur
1712 4381 1741 4434 in

103 4476 200 4546 itaque
213 4475 289 4546 apud
303 4491 354 4531 nos
367 4475 480 4533 diritius
494 4477 659 4549 reperimus,
668 4475 903 4533 cumdonaahun-
945 4477 1008 4534 sule
1023 4476 1285 4543 Sicutscripturuert
1297 4493 1305 4526 :
1318 4473 1428 4528 brutini
1436 4471 1626 4538 propterquod
1635 4473 1741 4523 locutor

102 4564 198 4619 dentis
211 4564 404 4635 intelligentie
418 4582 498 4621 sacra
507 4565 619 4636 eloquia
630 4565 823 4635 investigando
838 4583 902 4636 per-
944 4583 1003 4621 suus
1014 4585 1020 4624 ‚·
1032 4571 1109 4621 einos
1117 4560 1635 4630 eredimurpropterqundrtloquimur.
1644 4557 1741 4612 Exem-

103 4653 240 4723 repimus,
257 4662 341 4723 atque
357 4653 386 4709 in
400 4654 547 4724 hirpinus,
564 4646 616 4708 nec
627 4662 722 4711 tumen
737 4654 850 4711 sibimet
863 4654 904 4711 di·
945 4652 1214 4724 plurnidendeditde
1225 4649 1332 4721 psalmo
1342 4663 1405 4713 uxr,
1419 4652 1451 4700 ut
1461 4645 1623 4701 ostenderet
1633 4663 1664 4701 se
1677 4645 1740 4701 ideo

105 4758 184 4797 versu
201 4742 350 4799 sentimus.
373 4743 436 4798 Non
457 4749 501 4799 est
521 4749 617 4801 autem
636 4759 735 4800 secum
758 4743 855 4800 laetitia
874 4743 903 4797 in
945 4750 1106 4813 promptum
1125 4757 1185 4795 esse
1203 4740 1238 4795 ud
1258 4737 1353 4793 ornnit
1371 4735 1526 4802 toleranda,
1543 4738 1610 4806 quia
1623 4734 1742 4789 eredidit

102 4830 203 4887 dirime
219 4831 340 4901 paginis,
357 4832 400 4888 rel
414 4818 507 4897 tortia,
523 4833 903 4902 retinulueognoscerosod
944 4831 1065 4885 firturern
1086 4827 1330 4882 resurrectionem.
1353 4825 1474 4880 Securus
1498 4842 1565 4895 ergo
1587 4825 1623 4879 de
1647 4825 1741 4879 futura

102 4920 214 4990 cognita
225 4920 377 4975 custodire.
392 4921 465 4977 Nam
481 4922 528 4991 qui
544 4921 615 4976 bene
629 4921 847 4991 intelligitquid
863 4921 904 4977 in·
944 4920 1009 4977 viu.
1027 4917 1171 4990 presentis
1186 4917 1249 4974 vitm
1263 4931 1319 4970 non
1335 4914 1420 4969 habet
1434 4931 1530 4970 curum
1545 4932 1551 4966 :
1565 4915 1741 4985 quippecum

102 5008 255 5079 telligcudo
269 5008 370 5063 debeat
385 5010 527 5079 agnoscit3
545 5018 650 5080 quanto
668 5009 744 5067 enim
760 5009 903 5068 intellectu
946 5008 1142 5073 boceredatur,
1156 5004 1318 5062 uttunoills
1329 5004 1411 5059 beata
1424 5003 1480 5058 rita
1490 5010 1627 5073 speretur,
1644 5003 1667 5067 si
1684 5003 1741 5057 linc

101 5097 186 5161 latius
203 5097 374 5163 extenditur,
391 5104 470 5155 tento
485 5099 520 5154 ad
538 5099 674 5169 explenda
695 5115 780 5169 opera
795 5098 904 5158 enixius
944 5104 1150 5153 contemnatur.
1175 5096 1295 5151 Securus
1318 5110 1394 5163 ergo,
1421 5092 1488 5162 quia
1512 5091 1586 5162 qued
1611 5090 1739 5157 credidit,

101 5185 215 5256 ligetur.
232 5186 312 5241 Unde
325 5187 355 5240 in
373 5187 523 5256 Evangelio
538 5187 640 5243 raritas
655 5186 723 5247 dicit
739 5205 744 5239 :
761 5190 813 5243 biti
830 5190 903 5243 suut·
945 5202 1041 5244 rerum
1055 5191 1106 5244 est.
1116 5182 1421 5253 audctbocpraedicam
1435 5187 1467 5234 ut
1482 5185 1596 5235 casuros
1610 5179 1670 5250 spei
1685 5194 1742 5235 sue

103 5282 160 5333 tuni
170 5277 271 5335 dotum
286 5281 332 5341 est,
348 5279 471 5331 inultum
486 5282 624 5347 queretur
635 5278 668 5335 ub
682 5293 720 5340 co,
736 5282 759 5333 ct
776 5279 902 5335 cuicun-
944 5275 1093 5346 participes
1106 5274 1199 5330 saciet.
1216 5275 1306 5341 lduq.)
1321 5272 1384 5327 Non
1400 5269 1506 5324 diceret
1517 5268 1648 5324 eumdem
1661 5269 1743 5340 opiri-

103 5365 304 5427 intumuerunt
320 5367 442 5421 nrutturn
453 5367 517 5433 ptus
534 5369 651 5433 repetent
662 5367 696 5421 ob
712 5364 825 5434 coitur.
842 5367 900 5437 uri).
944 5362 1302 5427 tumtideimisiadruouens
1313 5357 1399 5416 etiam
1411 5357 1542 5428 unuquoa
1550 5358 1741 5429 iustoaipsmn

103 5451 278 5524 neptunus
290 5452 379 5525 igitur
393 5452 611 5524 uoluentium
623 5453 719 5513 datam
733 5453 812 5524 quasi
822 5469 903 5525 pecu·
944 5452 1074 5511 babuisse
1088 5450 1228 5522 spiritum,
1250 5449 1303 5507 boc
1320 5454 1372 5513 est,
1399 5447 1602 5503 incarnationis
1625 5447 1740 5512 christi,

102 5542 178 5596 ”itm
194 5548 337 5609 mutuam,
350 5558 405 5612 (11¹⁰
417 5543 481 5613 Plus
490 5541 570 5596 1¹⁰bi⁵
585 5541 708 5606 creditur
721 5559 754 5601 ss
773 5542 902 5614 beuu-
943 5542 992 5601 sau
1007 5541 1074 5612 quin
1088 5541 1144 5599 illis
1158 5538 1253 5597 sutura
1267 5534 1518 5608 pronuntiabatur,
1527 5552 1589 5607 qua
1599 5535 1741 5608 jamiam
